2021 3235
1073 8 1158 52 832

308 103 353 158 β.
385 101 642 157 Βίὸεὴονρίί.
683 101 800 144 Folia
837 100 1093 158 profundius
1130 101 1462 157 palmatilobata.
1493 103 1661 147 Althoea
1687 105 1940 161 ficisoliaFl.

252 161 386 205 Graec.
421 160 505 203 [ab.
536 159 622 203 663
650 174 735 203 non
765 159 810 202 L.

312 233 417 271 Hab.
446 233 483 269 in
509 232 626 270 Creta
649 237 686 270 et
713 244 808 280 agro
833 231 1034 269 Laconico
1059 229 1233 278 (Sibth.).

316 302 455 339 Facies
473 299 519 339 A.
543 300 833 348 lavaleroesloroe
855 300 924 338 sed
947 298 1147 347 proportio
1166 299 1359 337 involucri
1383 304 1421 337 et
1446 301 1594 350 calycis
1611 304 1728 350 atque
1757 306 1949 342 structura

256 361 406 399 fructus
432 362 606 398 obstant.
634 361 725 408 Ipso
750 359 914 397 Smithio
942 359 1178 396 observante
1204 363 1262 396 est
1288 371 1394 396 mera
1417 361 1590 398 varietas
1613 359 1661 398 A.
1689 373 1816 400 roseae.

315 515 377 557 A.
406 513 632 569 pallida
664 514 749 569 (W.
791 514 837 556 K.
880 516 936 571 pl.
969 528 1054 557 rar.
1093 513 1234 568 Hung.
1277 513 1362 556 tab.
1401 512 1455 555 47
1496 514 1574 557 sub
1610 515 1796 572 Althaezi)
1832 517 1948 560 caule

257 571 724 615 hirsutocrassiusculo
741 572 785 615 in
804 586 1020 616 racemum
1039 571 1319 615 laxiusculum
1332 585 1515 628 superne
1528 573 1746 630 aphyllum
1759 574 1947 628 abeunti,

256 630 367 673 foliis
395 630 630 673 virentibus
659 631 914 674 tomentellis
941 631 1114 674 cordato
1134 655 1152 661 —
1170 629 1499 673 suborbiculatis
1526 631 1713 674 obsolete
1741 632 1949 689 quinque—

256 689 382 741 lobis,
410 688 589 731 floribus
615 689 866 732 brevissime
888 688 1208 747 pedunculafls,
1236 687 1442 731 involucri
1460 689 1643 746 calycem
1662 689 1949 747 subaequantis

257 747 496 804 calycisque
523 746 632 790 lobis
670 746 1214 801 triangulari-lanceolatis
1250 745 1410 800 acutiS,
1453 748 1602 804 petalis
1635 748 1767 791 roseis
1799 748 1950 793 bilobis

258 806 478 848 latitudine
506 808 582 848 sua
609 806 893 862 longioribus,
923 805 1118 863 carpellis
1146 805 1250 848 sacie
1278 812 1319 848 et
1345 805 1472 849 dorso
1500 806 1666 862 rugosis
1693 807 1744 850 ad
1764 807 1947 850 medium

257 865 432 907 dorsum
475 870 516 907 et
551 863 765 908 interdurn
812 865 917 908 facie
954 864 1104 915 hirtis,
1143 863 1307 907 semine
1343 863 1474 907 dense
1511 865 1850 921 albo-pustuloso
1886 874 1944 915 26.

257 923 392 966 Rchb.
424 922 450 964 fi
488 959 495 965 .
527 921 613 965 485
650 959 657 966 .

318 993 422 1031 Hab.
442 936 481 1029 ἰῗ
500 922 691 1031 ΐτιιῑίοἳῐίε
708 993 927 1031 Thessaliae
949 993 999 1030 ad
1017 992 1120 1030 Volo
1140 990 1321 1044 (Orphl)⁷
1336 991 1578 1030 Macedoniae
1596 991 1769 1042 (Griseb.
1791 993 1948 1043 Orphl),

257 1052 435 1101 Byzantii
464 1050 626 1104 (Noe'l),
653 1053 848 1101 Bithyniae
869 1053 921 1090 ad
943 1053 1154 1090 Broussam
1185 1047 1382 1105 (Boissl).

317 1117 388 1157 Ar.
423 1124 582 1169 Geogr.
617 1119 828 1157 Germania
852 1122 985 1157 austro
1005 1141 1017 1146 -
1036 1118 1258 1167 orientalis,
1287 1118 1396 1166 regio
1422 1117 1679 1167 Danubialis‚
1701 1119 1844 1157 Rossia
1865 1131 1950 1158 aus-

258 1179 382 1218 tralis.

493 1309 524 1361 ἢ·
554 1309 584 1361 †
617 1310 773 1358 Galycis
798 1310 950 1348 laciniae
973 1309 1311 1358 longitudinaliter
1335 1309 1517 1347 elevatim
1543 1310 1709 1348 lineatae.

315 1435 376 1478 A.
404 1432 766 1477 Heldreichii
804 1432 955 1488 (Boiss.
997 1432 1146 1488 Diagn.
1178 1432 1268 1475 Ser.
1302 1432 1364 1485 ΙΙ,
1394 1432 1435 1484 Ι,
1471 1446 1510 1488 p.
1542 1429 1627 1473 103
1655 1430 1733 1473 sub
1760 1430 1943 1490 Altlzaed)

257 1493 437 1550 sparsim
466 1499 503 1534 et
532 1491 854 1548 adpressissime
882 1490 1227 1548 stellato-pilosa
1253 1490 1420 1543 virens,
1458 1489 1651 1533 caulibus
1678 1489 1877 1532 tenuibus
1904 1490 1944 1534 in

256 1565 448 1595 racemos
476 1550 712 1593 laxissimos
740 1549 905 1593 inferne
934 1550 1105 1593 foliosos
1133 1549 1413 1602 abeuntibus,
1443 1548 1554 1591 foliis
1581 1547 1945 1592 cordato-subor-

253 1608 448 1653 biculatis
491 1608 764 1652 obtusissime
801 1608 1125 1666 quinquelobiS‚
1165 1608 1344 1651 floribus
1372 1607 1621 1650 brevissime
1650 1607 1944 1662 pedunculatis

253 1668 453 1712 solitariis
479 1669 543 1710 vel
571 1666 668 1710 2-{3
695 1667 934 1724 aggregatis
951 1703 960 1720 ‚
997 1667 1204 1710 involucri
1233 1667 1374 1724 calyce
1401 1665 1578 1709 dimidio
1606 1665 1813 1708 brevioris
1839 1666 1943 1709 lobis

253 1726 588 1784 triangularibus
615 1725 768 1779 acutis,
798 1726 951 1784 calycis
979 1724 1299 1778 obtusiusculis,
1327 1725 1476 1781 petalis
1505 1723 1638 1767 roseis
1666 1723 1821 1767 bilobis
1839 1725 1939 1768 latit.

251 1790 327 1829 sua
354 1785 638 1840 longioribus,
667 1784 863 1841 carpellis
890 1784 997 1827 facie
1025 1791 1065 1827 et
1092 1784 1219 1827 dorso
1248 1783 1415 1839 rugosis
1443 1784 1570 1827 dorso
1598 1782 1744 1835 hirtis,
1785 1783 1942 1826 semine

250 1845 379 1888 dense
407 1844 745 1901 albo-pustuloso
783 1851 820 1891 26
836 1879 843 1886 .

308 1917 408 1954 Hab.
435 1917 472 1953 in
499 1916 674 1954 faucibus
699 1915 840 1952 montis
864 1913 1065 1952 Korthiati
1089 1925 1208 1962 supra
1232 1912 1557 1950 Thessalonicam
1584 1909 1775 1966 (Heldrl).

307 1985 453 2023 Praeter
477 1985 743 2023 indumentum
769 1994 931 2033 parcum
956 1983 1312 2032 adpressissimum‚
1338 1982 1507 2021 corollas
1532 1981 1692 2020 dimidio
1718 1982 1885 2021 minores
1907 1986 1943 2021 et

249 2045 493 2083 involucrum
515 2044 787 2082 abbreviatum
813 2043 944 2081 differt
968 2044 1016 2082 ab
1040 2041 1084 2080 A.
1108 2042 1259 2092 pallida
1286 2042 1421 2090 calyce
1446 2042 1605 2079 lineato.

305 2203 369 2246 A.
388 2199 649 2246 Calverti
677 2196 828 2253 (Boiss.
860 2195 1010 2251 Diagn.
1042 2194 1133 2238 Ser.
1166 2194 1219 2247 ll,
1249 2194 1298 2248 V,
1328 2209 1369 2252 p.
1399 2193 1454 2237 66
1482 2194 1560 2237 sub
1587 2193 1774 2252 Althaea)
1803 2194 1938 2238 tenui-

214 2310 218 2314 .
244 2268 310 2303 ter
335 2268 377 2304 et
403 2260 604 2316 adpresse
633 2262 1018 2307 cano-tomentosa‚
1055 2255 1173 2296 caule
1200 2252 1319 2296 tenui
1347 2252 1601 2309 paucffioro,
1630 2253 1740 2297 soliis
1767 2253 1938 2296 minutis

245 2314 776 2363 subcordato-orhiculalis
805 2312 1077 2356 obtusissime
1104 2311 1181 2355 5-7
1210 2311 1317 2355 lobis
1345 2311 1748 2365 cremato-dentatis,
1777 2312 1938 2369 pedun-

245 2378 350 2422 culis
379 2376 507 2434 calyci
550 2372 913 2430 subaequilongis,
957 2371 1166 2414 involucri
1209 2371 1348 2428 calyce
1384 2369 1563 2413 dimidio
1600 2370 1806 2414 brevioris
1833 2370 1937 2413 lobis

244 2434 579 2493 triangularibus
607 2431 758 2485 acutis,
787 2430 939 2488 calycis
966 2429 1075 2473 lobis
1103 2429 1400 2482 acutiusculis‚
1430 2428 1579 2486 petalis
1607 2429 1743 2472 roseis
1768 2427 1934 2481 bilobis,

246 2494 517 2553 carpellis....
559 2500 619 2541 26.

303 2568 404 2606 Hab.
431 2567 468 2603 in
493 2562 679 2601 Armenia
701 2560 871 2599 Turcica
895 2572 1020 2608 prope
1046 2559 1232 2598 Erzerum
1259 2558 1370 2609 (Calv
1388 2559 1429 2609 !).

305 2634 442 2671 Planta
466 2642 513 2668 ex
531 2629 645 2666 unico
678 2632 716 2664 et
740 2630 887 2664 tantum
910 2625 1080 2663 florifero
1105 2625 1318 2673 specimine
1341 2625 1432 2662 mihi
1465 2627 1569 2673 nota,
1601 2624 1760 2663 floribus
1784 2623 1934 2662 minutis

247 2691 482 2742 praecedenti
507 2688 700 2727 accedens
725 2687 795 2724 sed
817 2686 1084 2723 indumentum
1109 2685 1223 2722 valde
1249 2684 1445 2722 diversum
1469 2688 1507 2721 et
1530 2685 1645 2722 flores
1664 2684 1779 2732 longe
1793 2684 1932 2732 pedun-

249 2752 377 2790 culati.
401 2750 462 2788 An
485 2749 609 2786 forma
633 2758 730 2785 cana
755 2744 1016 2793 microphylla
1040 2749 1078 2782 et
1095 2744 1305 2792 parviflora
1321 2743 1366 2781 A.
1385 2743 1652 2782 Hohenackeri
1666 2744 1695 2791 52,
1723 2744 1791 2781 sed
1807 2742 1934 2791 petala

250 2822 365 2849 rosea
391 2808 622 2858 profundius
648 2805 804 2855 lobata3
836 2804 984 2843 fructus
1009 2804 1275 2852 inquirendus.
