<?xml version="1.0" encoding="UTF-8"?>
<!DOCTYPE html PUBLIC "-//W3C//DTD XHTML 1.0 Transitional//EN"
    "http://www.w3.org/TR/xhtml1/DTD/xhtml1-transitional.dtd">
<html xmlns="http://www.w3.org/1999/xhtml" xml:lang="en" lang="en">
 <head>
  <title>
</title>
<meta http-equiv="Content-Type" content="text/html;charset=utf-8" />
  <meta name='ocr-system' content='tesseract 3.04.00' />
  <meta name='ocr-capabilities' content='ocr_page ocr_carea ocr_par ocr_line ocrx_word'/>
</head>
<body>
  <div class='ocr_page' id='page_1' title='image "./floraorientaliss01bois_0567.png"; bbox 0 0 2021 3235; ppageno 0'>
   <div class='ocr_carea' id='block_1_1' title="bbox 866 84 952 128">
    <p class='ocr_par' dir='ltr' id='par_1_1' title="bbox 866 84 952 128">
     <span class='ocr_line' id='line_1_1' title="bbox 866 84 952 128; baseline 0 0"><span class='ocrx_word' id='word_1_1' title='bbox 866 84 952 128; x_wconf 68' lang='lat'>523</span> 
     </span>
    </p>
   </div>
   <div class='ocr_carea' id='block_1_2' title="bbox 64 237 1759 951">
    <p class='ocr_par' dir='ltr' id='par_1_2' title="bbox 64 237 1757 593">
     <span class='ocr_line' id='line_1_2' title="bbox 123 237 1755 300; baseline -0.007 -9"><span class='ocrx_word' id='word_1_2' title='bbox 123 248 176 291; x_wconf 87' lang='lat'><strong>¹1¹.</strong></span> <span class='ocrx_word' id='word_1_3' title='bbox 194 246 447 290; x_wconf 84' lang='lat' dir='ltr'>Arabica</span> <span class='ocrx_word' id='word_1_4' title='bbox 474 243 626 300; x_wconf 88' lang='lat' dir='ltr'>(Boiss.</span> <span class='ocrx_word' id='word_1_5' title='bbox 659 243 806 298; x_wconf 85' lang='lat' dir='ltr'>Diagn.</span> <span class='ocrx_word' id='word_1_6' title='bbox 838 241 926 285; x_wconf 72' lang='lat' dir='ltr'>Ser⁴</span> <span class='ocrx_word' id='word_1_7' title='bbox 960 242 991 294; x_wconf 88' lang='grc' dir='ltr'>Ι,</span> <span class='ocrx_word' id='word_1_8' title='bbox 1021 241 1109 284; x_wconf 92' lang='lat' dir='ltr'>Vlll</span> <span class='ocrx_word' id='word_1_9' title='bbox 1129 276 1139 294; x_wconf 88' lang='lat'>‚</span> <span class='ocrx_word' id='word_1_10' title='bbox 1170 255 1210 297; x_wconf 91' lang='lat' dir='ltr'>p.</span> <span class='ocrx_word' id='word_1_11' title='bbox 1242 239 1316 297; x_wconf 67' lang='lat'>62)</span> <span class='ocrx_word' id='word_1_12' title='bbox 1345 237 1755 295; x_wconf 78' lang='lat' dir='ltr'>glanduloso-pube-</span> 
     </span>
     <span class='ocr_line' id='line_1_3' title="bbox 68 294 1756 360; baseline -0.006 -12"><span class='ocrx_word' id='word_1_13' title='bbox 68 318 204 357; x_wconf 86' lang='lat' dir='ltr'>scens,</span> <span class='ocrx_word' id='word_1_14' title='bbox 233 304 351 347; x_wconf 90' lang='lat' dir='ltr'>caule</span> <span class='ocrx_word' id='word_1_15' title='bbox 378 302 539 360; x_wconf 91' lang='lat' dir='ltr'>pumilo</span> <span class='ocrx_word' id='word_1_16' title='bbox 566 316 589 345; x_wconf 90' lang='lat' dir='ltr'>a</span> <span class='ocrx_word' id='word_1_17' title='bbox 616 301 705 344; x_wconf 87' lang='lat' dir='ltr'>basi</span> <span class='ocrx_word' id='word_1_18' title='bbox 734 301 975 344; x_wconf 89' lang='lat' dir='ltr'>dichotome</span> <span class='ocrx_word' id='word_1_19' title='bbox 1003 307 1041 343; x_wconf 83' lang='lat' dir='ltr'>et</span> <span class='ocrx_word' id='word_1_20' title='bbox 1059 299 1202 343; x_wconf 88' lang='lat' dir='ltr'>stricte</span> <span class='ocrx_word' id='word_1_21' title='bbox 1220 311 1407 351; x_wconf 85' lang='lat' dir='ltr'>ramoso,</span> <span class='ocrx_word' id='word_1_22' title='bbox 1426 296 1537 340; x_wconf 87' lang='lat' dir='ltr'>foliis</span> <span class='ocrx_word' id='word_1_23' title='bbox 1554 294 1756 339; x_wconf 90' lang='lat' dir='ltr'>brevibus</span> 
     </span>
     <span class='ocr_line' id='line_1_4' title="bbox 66 354 1756 418; baseline -0.006 -12"><span class='ocrx_word' id='word_1_24' title='bbox 66 362 257 418; x_wconf 76' lang='lat' dir='ltr'>margine</span> <span class='ocrx_word' id='word_1_25' title='bbox 285 360 493 404; x_wconf 81' lang='lat' dir='ltr'>scabridis</span> <span class='ocrx_word' id='word_1_26' title='bbox 520 359 816 403; x_wconf 72' lang='lat' dir='ltr'>subtr-inerviis</span> <span class='ocrx_word' id='word_1_27' title='bbox 854 358 1109 402; x_wconf 90' lang='lat' dir='ltr'>radicalibus</span> <span class='ocrx_word' id='word_1_28' title='bbox 1147 355 1604 413; x_wconf 89' lang='lat' dir='ltr'>oblongo-linearibus</span> <span class='ocrx_word' id='word_1_29' title='bbox 1631 354 1756 397; x_wconf 90' lang='lat' dir='ltr'>obtu-</span> 
     </span>
     <span class='ocr_line' id='line_1_5' title="bbox 66 411 1757 474; baseline -0.006 -10"><span class='ocrx_word' id='word_1_30' title='bbox 66 421 260 465; x_wconf 88' lang='lat' dir='ltr'>siusculis</span> <span class='ocrx_word' id='word_1_31' title='bbox 277 455 286 473; x_wconf 91' lang='lat'>,</span> <span class='ocrx_word' id='word_1_32' title='bbox 327 419 505 462; x_wconf 84' lang='lat' dir='ltr'>caulinis</span> <span class='ocrx_word' id='word_1_33' title='bbox 532 418 688 462; x_wconf 86' lang='lat' dir='ltr'>strictis</span> <span class='ocrx_word' id='word_1_34' title='bbox 715 424 892 474; x_wconf 77' lang='lat' dir='ltr'>anguste</span> <span class='ocrx_word' id='word_1_35' title='bbox 918 416 1179 469; x_wconf 80' lang='lat' dir='ltr'>linearibus,</span> <span class='ocrx_word' id='word_1_36' title='bbox 1219 414 1438 473; x_wconf 84' lang='lat' dir='ltr'>pedicellis</span> <span class='ocrx_word' id='word_1_37' title='bbox 1464 411 1757 457; x_wconf 88' lang='lat' dir='ltr'>crassiusculis</span> 
     </span>
     <span class='ocr_line' id='line_1_6' title="bbox 67 471 1757 537; baseline -0.006 -14"><span class='ocrx_word' id='word_1_38' title='bbox 67 481 203 537; x_wconf 79' lang='lat' dir='ltr'>calyce</span> <span class='ocrx_word' id='word_1_39' title='bbox 230 477 302 521; x_wconf 60' lang='lat' dir='ltr'>m</span> <span class='ocrx_word' id='word_1_40' title='bbox 329 479 396 534; x_wconf 89' lang='lat' dir='ltr'>plo</span> <span class='ocrx_word' id='word_1_41' title='bbox 423 477 716 534; x_wconf 79' lang='lat' dir='ltr'>longioribus,</span> <span class='ocrx_word' id='word_1_42' title='bbox 746 476 901 534; x_wconf 79' lang='lat' dir='ltr'>calycis</span> <span class='ocrx_word' id='word_1_43' title='bbox 928 474 1306 532; x_wconf 86' lang='lat' dir='ltr'>glanduloso-hirti</span> <span class='ocrx_word' id='word_1_44' title='bbox 1334 472 1528 517; x_wconf 91' lang='lat' dir='ltr'>obconici</span> <span class='ocrx_word' id='word_1_45' title='bbox 1557 471 1757 515; x_wconf 82' lang='lat' dir='ltr'>dentibus</span> 
     </span>
     <span class='ocr_line' id='line_1_7' title="bbox 64 531 1752 593; baseline -0.005 -12"><span class='ocrx_word' id='word_1_46' title='bbox 64 536 400 593; x_wconf 77' lang='lat' dir='ltr'>triangularibus</span> <span class='ocrx_word' id='word_1_47' title='bbox 427 536 578 590; x_wconf 83' lang='lat' dir='ltr'>acutis,</span> <span class='ocrx_word' id='word_1_48' title='bbox 607 535 766 579; x_wconf 76' lang='lat' dir='ltr'>lamina</span> <span class='ocrx_word' id='word_1_49' title='bbox 793 535 887 582; x_wconf 74' lang='lat' dir='ltr'>alba</span> <span class='ocrx_word' id='word_1_50' title='bbox 912 534 1127 578; x_wconf 85' lang='lat' dir='ltr'>concolori</span> <span class='ocrx_word' id='word_1_51' title='bbox 1154 532 1305 577; x_wconf 77' lang='lat' dir='ltr'>lineari</span> <span class='ocrx_word' id='word_1_52' title='bbox 1333 533 1474 590; x_wconf 79' lang='lat' dir='ltr'>calyce</span> <span class='ocrx_word' id='word_1_53' title='bbox 1502 531 1666 574; x_wconf 75' lang='lat' dir='ltr'>inclusa</span> <span class='ocrx_word' id='word_1_54' title='bbox 1687 535 1752 582; x_wconf 68' lang='lat' dir='ltr'>(D.</span> 
     </span>
    </p>

    <p class='ocr_par' dir='ltr' id='par_1_3' title="bbox 67 598 1756 705">
     <span class='ocr_line' id='line_1_8' title="bbox 121 598 1756 654; baseline -0.004 -9"><span class='ocrx_word' id='word_1_55' title='bbox 121 607 222 645; x_wconf 86' lang='lat' dir='ltr'>Hab.</span> <span class='ocrx_word' id='word_1_56' title='bbox 249 607 287 644; x_wconf 88' lang='lat' dir='ltr'>in</span> <span class='ocrx_word' id='word_1_57' title='bbox 325 606 481 644; x_wconf 86' lang='lat' dir='ltr'>deserto</span> <span class='ocrx_word' id='word_1_58' title='bbox 515 606 671 644; x_wconf 74' lang='lat' dir='ltr'>Arabiae</span> <span class='ocrx_word' id='word_1_59' title='bbox 710 605 859 644; x_wconf 87' lang='lat' dir='ltr'>Petreae</span> <span class='ocrx_word' id='word_1_60' title='bbox 899 604 1104 642; x_wconf 77' lang='lat' dir='ltr'>Palestinae</span> <span class='ocrx_word' id='word_1_61' title='bbox 1148 603 1390 642; x_wconf 82' lang='lat' dir='ltr'>contermino</span> <span class='ocrx_word' id='word_1_62' title='bbox 1436 598 1658 654; x_wconf 74' lang='lat' dir='ltr'>(Boissl).</span> <span class='ocrx_word' id='word_1_63' title='bbox 1698 599 1756 638; x_wconf 88' lang='lat' dir='ltr'>Fl.</span> 
     </span>
     <span class='ocr_line' id='line_1_9' title="bbox 67 667 158 705; baseline -0.022 0"><span class='ocrx_word' id='word_1_64' title='bbox 67 667 158 705; x_wconf 84' lang='lat' dir='ltr'>Mai.</span> 
     </span>
    </p>

    <p class='ocr_par' dir='ltr' id='par_1_4' title="bbox 64 726 1759 951">
     <span class='ocr_line' id='line_1_10' title="bbox 123 726 1759 782; baseline -0.003 -10"><span class='ocrx_word' id='word_1_65' title='bbox 123 735 303 772; x_wconf 85' lang='lat' dir='ltr'>Plantula</span> <span class='ocrx_word' id='word_1_66' title='bbox 325 732 403 773; x_wconf 80' lang='lat'>5-4</span> <span class='ocrx_word' id='word_1_67' title='bbox 425 733 624 782; x_wconf 84' lang='lat' dir='ltr'>pollicaris</span> <span class='ocrx_word' id='word_1_68' title='bbox 656 734 893 780; x_wconf 84' lang='lat' dir='ltr'>praecedenti</span> <span class='ocrx_word' id='word_1_69' title='bbox 927 734 1040 771; x_wconf 83' lang='lat' dir='ltr'>valde</span> <span class='ocrx_word' id='word_1_70' title='bbox 1065 732 1191 770; x_wconf 86' lang='lat' dir='ltr'>affinis</span> <span class='ocrx_word' id='word_1_71' title='bbox 1217 732 1287 770; x_wconf 87' lang='lat' dir='ltr'>sed</span> <span class='ocrx_word' id='word_1_72' title='bbox 1312 731 1404 770; x_wconf 86' lang='lat' dir='ltr'>folia</span> <span class='ocrx_word' id='word_1_73' title='bbox 1427 729 1505 771; x_wconf 67' lang='lat'>54</span> <span class='ocrx_word' id='word_1_74' title='bbox 1528 741 1599 768; x_wconf 89' lang='lat' dir='ltr'>nec</span> <span class='ocrx_word' id='word_1_75' title='bbox 1626 726 1759 768; x_wconf 75' lang='lat'><strong>10-12</strong></span> 
     </span>
     <span class='ocr_line' id='line_1_11' title="bbox 66 789 1759 843; baseline -0.005 -11"><span class='ocrx_word' id='word_1_76' title='bbox 66 795 132 833; x_wconf 92' lang='lat' dir='ltr'>lin.</span> <span class='ocrx_word' id='word_1_77' title='bbox 160 795 299 843; x_wconf 81' lang='lat' dir='ltr'>longa,</span> <span class='ocrx_word' id='word_1_78' title='bbox 332 793 523 831; x_wconf 85' lang='lat' dir='ltr'>radicalia</span> <span class='ocrx_word' id='word_1_79' title='bbox 548 793 710 841; x_wconf 83' lang='lat' dir='ltr'>latiora,</span> <span class='ocrx_word' id='word_1_80' title='bbox 749 793 953 841; x_wconf 85' lang='lat' dir='ltr'>superiora</span> <span class='ocrx_word' id='word_1_81' title='bbox 979 804 1054 831; x_wconf 91' lang='lat' dir='ltr'>non</span> <span class='ocrx_word' id='word_1_82' title='bbox 1078 793 1504 838; x_wconf 76' lang='lat' dir='ltr'>subulam-attenuata,</span> <span class='ocrx_word' id='word_1_83' title='bbox 1541 789 1654 838; x_wconf 81' lang='lat' dir='ltr'>calyx</span> <span class='ocrx_word' id='word_1_84' title='bbox 1680 793 1759 826; x_wconf 90' lang='lat' dir='ltr'>tres</span> 
     </span>
     <span class='ocr_line' id='line_1_12' title="bbox 64 849 1757 901; baseline -0.004 -9"><span class='ocrx_word' id='word_1_85' title='bbox 64 855 186 892; x_wconf 83' lang='lat' dir='ltr'>lineas</span> <span class='ocrx_word' id='word_1_86' title='bbox 210 854 351 901; x_wconf 77' lang='lat' dir='ltr'>longus</span> <span class='ocrx_word' id='word_1_87' title='bbox 375 853 595 901; x_wconf 86' lang='lat' dir='ltr'>pubescens</span> <span class='ocrx_word' id='word_1_88' title='bbox 615 864 686 890; x_wconf 88' lang='lat' dir='ltr'>nec</span> <span class='ocrx_word' id='word_1_89' title='bbox 711 852 969 900; x_wconf 84' lang='lat' dir='ltr'>glaberrimus</span> <span class='ocrx_word' id='word_1_90' title='bbox 995 853 1213 890; x_wconf 86' lang='lat' dir='ltr'>intervallis</span> <span class='ocrx_word' id='word_1_91' title='bbox 1237 855 1433 890; x_wconf 86' lang='lat' dir='ltr'>costarum</span> <span class='ocrx_word' id='word_1_92' title='bbox 1451 849 1757 899; x_wconf 79' lang='lat' dir='ltr'>angustioribus,</span> 
     </span>
     <span class='ocr_line' id='line_1_13' title="bbox 67 911 702 951; baseline -0.005 0"><span class='ocrx_word' id='word_1_93' title='bbox 67 914 245 951; x_wconf 85' lang='lat' dir='ltr'>dentibus</span> <span class='ocrx_word' id='word_1_94' title='bbox 269 912 427 951; x_wconf 84' lang='lat' dir='ltr'>brevius</span> <span class='ocrx_word' id='word_1_95' title='bbox 452 911 702 950; x_wconf 85' lang='lat' dir='ltr'>mucronatis.</span> 
     </span>
    </p>
   </div>
   <div class='ocr_carea' id='block_1_3' title="bbox 66 1062 1762 1472">
    <p class='ocr_par' dir='ltr' id='par_1_5' title="bbox 66 1062 1762 1472">
     <span class='ocr_line' id='line_1_14' title="bbox 123 1062 1759 1122; baseline -0.003 -12"><span class='ocrx_word' id='word_1_96' title='bbox 123 1068 177 1111; x_wconf 90' lang='lat' dir='ltr'>T.</span> <span class='ocrx_word' id='word_1_97' title='bbox 201 1066 507 1122; x_wconf 85' lang='lat' dir='ltr'>hispidula</span> <span class='ocrx_word' id='word_1_98' title='bbox 533 1065 683 1121; x_wconf 71' lang='lat' dir='ltr'>&lt;Boiss</span> <span class='ocrx_word' id='word_1_99' title='bbox 716 1073 755 1108; x_wconf 81' lang='lat' dir='ltr'>et</span> <span class='ocrx_word' id='word_1_100' title='bbox 784 1066 927 1109; x_wconf 88' lang='lat' dir='ltr'>Heldr.</span> <span class='ocrx_word' id='word_1_101' title='bbox 961 1066 1109 1122; x_wconf 85' lang='lat' dir='ltr'>Diagn.</span> <span class='ocrx_word' id='word_1_102' title='bbox 1139 1066 1228 1108; x_wconf 78' lang='lat' dir='ltr'>Ser.</span> <span class='ocrx_word' id='word_1_103' title='bbox 1262 1065 1295 1118; x_wconf 87' lang='lat' dir='ltr'>l,</span> <span class='ocrx_word' id='word_1_104' title='bbox 1325 1064 1435 1117; x_wconf 82' lang='lat' dir='ltr'>Vnt,</span> <span class='ocrx_word' id='word_1_105' title='bbox 1465 1079 1506 1121; x_wconf 91' lang='lat' dir='ltr'>p.</span> <span class='ocrx_word' id='word_1_106' title='bbox 1538 1062 1613 1120; x_wconf 65' lang='lat'>62)</span> <span class='ocrx_word' id='word_1_107' title='bbox 1641 1063 1759 1119; x_wconf 87' lang='lat' dir='ltr'>glan-</span> 
     </span>
     <span class='ocr_line' id='line_1_15' title="bbox 67 1121 1760 1181; baseline -0.004 -12"><span class='ocrx_word' id='word_1_108' title='bbox 67 1125 464 1181; x_wconf 82' lang='lat' dir='ltr'>duloso-hispidula,</span> <span class='ocrx_word' id='word_1_109' title='bbox 495 1125 614 1167; x_wconf 88' lang='lat' dir='ltr'>caule</span> <span class='ocrx_word' id='word_1_110' title='bbox 643 1139 663 1167; x_wconf 86' lang='lat' dir='ltr'>a</span> <span class='ocrx_word' id='word_1_111' title='bbox 692 1125 780 1168; x_wconf 87' lang='lat' dir='ltr'>basi</span> <span class='ocrx_word' id='word_1_112' title='bbox 809 1125 1071 1168; x_wconf 89' lang='lat' dir='ltr'>divaricatim</span> <span class='ocrx_word' id='word_1_113' title='bbox 1099 1125 1343 1168; x_wconf 89' lang='lat' dir='ltr'>dichotomo</span> <span class='ocrx_word' id='word_1_114' title='bbox 1371 1123 1501 1166; x_wconf 83' lang='lat' dir='ltr'>effuse</span> <span class='ocrx_word' id='word_1_115' title='bbox 1519 1121 1760 1179; x_wconf 90' lang='lat' dir='ltr'>paniculato</span> 
     </span>
     <span class='ocr_line' id='line_1_16' title="bbox 67 1180 1760 1241; baseline -0.004 -13"><span class='ocrx_word' id='word_1_116' title='bbox 67 1184 198 1228; x_wconf 85' lang='lat' dir='ltr'>ramis</span> <span class='ocrx_word' id='word_1_117' title='bbox 224 1183 447 1236; x_wconf 81' lang='lat' dir='ltr'>flexuosis,</span> <span class='ocrx_word' id='word_1_118' title='bbox 477 1182 588 1226; x_wconf 85' lang='lat' dir='ltr'>foliis</span> <span class='ocrx_word' id='word_1_119' title='bbox 615 1184 936 1241; x_wconf 80' lang='lat' dir='ltr'>erecto-patulis</span> <span class='ocrx_word' id='word_1_120' title='bbox 963 1184 1165 1227; x_wconf 91' lang='lat' dir='ltr'>brevibus</span> <span class='ocrx_word' id='word_1_121' title='bbox 1193 1181 1577 1226; x_wconf 84' lang='lat' dir='ltr'>lineari-subulatis</span> <span class='ocrx_word' id='word_1_122' title='bbox 1604 1180 1760 1223; x_wconf 77' lang='lat' dir='ltr'>triner-</span> 
     </span>
     <span class='ocr_line' id='line_1_17' title="bbox 66 1238 1760 1300; baseline -0.003 -14"><span class='ocrx_word' id='word_1_123' title='bbox 66 1243 168 1297; x_wconf 83' lang='lat' dir='ltr'>viis,</span> <span class='ocrx_word' id='word_1_124' title='bbox 206 1241 423 1300; x_wconf 83' lang='lat' dir='ltr'>pedicellis</span> <span class='ocrx_word' id='word_1_125' title='bbox 452 1241 651 1285; x_wconf 87' lang='lat' dir='ltr'>tenuibus</span> <span class='ocrx_word' id='word_1_126' title='bbox 679 1244 818 1300; x_wconf 76' lang='lat' dir='ltr'>calyce</span> <span class='ocrx_word' id='word_1_127' title='bbox 846 1242 924 1286; x_wconf 67' lang='grc'>3-4</span> <span class='ocrx_word' id='word_1_128' title='bbox 952 1244 1019 1300; x_wconf 91' lang='lat' dir='ltr'>plo</span> <span class='ocrx_word' id='word_1_129' title='bbox 1055 1242 1348 1299; x_wconf 80' lang='lat' dir='ltr'>longioribus,</span> <span class='ocrx_word' id='word_1_130' title='bbox 1385 1240 1539 1298; x_wconf 76' lang='lat' dir='ltr'>calycis</span> <span class='ocrx_word' id='word_1_131' title='bbox 1565 1238 1760 1282; x_wconf 90' lang='lat' dir='ltr'>obconici</span> 
     </span>
     <span class='ocr_line' id='line_1_18' title="bbox 67 1297 1761 1359; baseline -0.002 -15"><span class='ocrx_word' id='word_1_132' title='bbox 67 1302 206 1359; x_wconf 86' lang='lat' dir='ltr'>patule</span> <span class='ocrx_word' id='word_1_133' title='bbox 250 1300 626 1358; x_wconf 82' lang='lat' dir='ltr'>pubescenti-hirti</span> <span class='ocrx_word' id='word_1_134' title='bbox 671 1301 902 1346; x_wconf 81' lang='lat' dir='ltr'>intervallis</span> <span class='ocrx_word' id='word_1_135' title='bbox 949 1301 1288 1345; x_wconf 84' lang='lat' dir='ltr'>membranaceis</span> <span class='ocrx_word' id='word_1_136' title='bbox 1330 1298 1520 1356; x_wconf 87' lang='lat' dir='ltr'>angustis</span> <span class='ocrx_word' id='word_1_137' title='bbox 1562 1297 1761 1341; x_wconf 81' lang='lat' dir='ltr'>dentibus</span> 
     </span>
     <span class='ocr_line' id='line_1_19' title="bbox 66 1356 1762 1415; baseline -0.003 -11"><span class='ocrx_word' id='word_1_138' title='bbox 66 1359 197 1404; x_wconf 84' lang='lat' dir='ltr'>ovatis</span> <span class='ocrx_word' id='word_1_139' title='bbox 226 1359 690 1412; x_wconf 87' lang='lat' dir='ltr'>setaceo-mucronatis‚</span> <span class='ocrx_word' id='word_1_140' title='bbox 721 1360 877 1404; x_wconf 75' lang='lat' dir='ltr'>lamina</span> <span class='ocrx_word' id='word_1_141' title='bbox 905 1361 1046 1404; x_wconf 78' lang='lat' dir='ltr'>albida</span> <span class='ocrx_word' id='word_1_142' title='bbox 1071 1360 1257 1403; x_wconf 84' lang='lat' dir='ltr'>breviter</span> <span class='ocrx_word' id='word_1_143' title='bbox 1285 1362 1447 1403; x_wconf 79' lang='lat' dir='ltr'>exserta</span> <span class='ocrx_word' id='word_1_144' title='bbox 1475 1357 1683 1415; x_wconf 86' lang='lat' dir='ltr'>profunde</span> <span class='ocrx_word' id='word_1_145' title='bbox 1701 1356 1762 1399; x_wconf 91' lang='lat' dir='ltr'>bi-</span> 
     </span>
     <span class='ocr_line' id='line_1_20' title="bbox 67 1418 802 1472; baseline -0.003 -9"><span class='ocrx_word' id='word_1_146' title='bbox 67 1419 149 1462; x_wconf 77' lang='lat' dir='ltr'>fida</span> <span class='ocrx_word' id='word_1_147' title='bbox 177 1419 376 1462; x_wconf 86' lang='lat' dir='ltr'>dentibus</span> <span class='ocrx_word' id='word_1_148' title='bbox 404 1425 524 1461; x_wconf 87' lang='lat' dir='ltr'>acute</span> <span class='ocrx_word' id='word_1_149' title='bbox 552 1418 705 1462; x_wconf 91' lang='lat' dir='ltr'>bilobis</span> <span class='ocrx_word' id='word_1_150' title='bbox 737 1425 802 1472; x_wconf 75' lang='lat' dir='ltr'>O.</span> 
     </span>
    </p>
   </div>
   <div class='ocr_carea' id='block_1_4' title="bbox 66 1481 1760 1603">
    <p class='ocr_par' dir='ltr' id='par_1_6' title="bbox 66 1481 1760 1603">
     <span class='ocr_line' id='line_1_21' title="bbox 125 1481 1760 1540; baseline -0.002 -11"><span class='ocrx_word' id='word_1_151' title='bbox 125 1491 226 1529; x_wconf 85' lang='lat' dir='ltr'>Hab.</span> <span class='ocrx_word' id='word_1_152' title='bbox 258 1492 296 1528; x_wconf 90' lang='lat' dir='ltr'>in</span> <span class='ocrx_word' id='word_1_153' title='bbox 329 1481 547 1528; x_wconf 80' lang='lat' dir='ltr'>declivibus</span> <span class='ocrx_word' id='word_1_154' title='bbox 581 1491 752 1538; x_wconf 84' lang='lat' dir='ltr'>regionis</span> <span class='ocrx_word' id='word_1_155' title='bbox 789 1491 985 1529; x_wconf 85' lang='lat' dir='ltr'>inferioris</span> <span class='ocrx_word' id='word_1_156' title='bbox 1018 1491 1140 1529; x_wconf 86' lang='lat' dir='ltr'>Tauri</span> <span class='ocrx_word' id='word_1_157' title='bbox 1174 1490 1419 1540; x_wconf 85' lang='lat' dir='ltr'>Pamphylici</span> <span class='ocrx_word' id='word_1_158' title='bbox 1445 1490 1546 1527; x_wconf 88' lang='lat' dir='ltr'>inter</span> <span class='ocrx_word' id='word_1_159' title='bbox 1569 1486 1696 1527; x_wconf 81' lang='lat' dir='ltr'>Marta</span> <span class='ocrx_word' id='word_1_160' title='bbox 1723 1492 1760 1525; x_wconf 88' lang='lat' dir='ltr'>et</span> 
     </span>
     <span class='ocr_line' id='line_1_22' title="bbox 66 1543 614 1603; baseline -0.004 -14"><span class='ocrx_word' id='word_1_161' title='bbox 66 1550 209 1589; x_wconf 84' lang='lat' dir='ltr'>Adalia</span> <span class='ocrx_word' id='word_1_162' title='bbox 234 1548 369 1603; x_wconf 88' lang='lat' dir='ltr'>(Heldr</span> <span class='ocrx_word' id='word_1_163' title='bbox 386 1543 428 1599; x_wconf 70' lang='grc' dir='ltr'>ἶ).</span> <span class='ocrx_word' id='word_1_164' title='bbox 457 1549 516 1587; x_wconf 89' lang='lat' dir='ltr'>Fl.</span> <span class='ocrx_word' id='word_1_165' title='bbox 543 1554 614 1588; x_wconf 82' lang='lat' dir='ltr'>aest</span> 
     </span>
    </p>
   </div>
   <div class='ocr_carea' id='block_1_5' title="bbox 67 1613 1760 1726">
    <p class='ocr_par' dir='ltr' id='par_1_7' title="bbox 67 1613 1760 1726">
     <span class='ocr_line' id='line_1_23' title="bbox 126 1613 1760 1668; baseline -0.001 -13"><span class='ocrx_word' id='word_1_166' title='bbox 126 1619 262 1656; x_wconf 85' lang='lat' dir='ltr'>Planta</span> <span class='ocrx_word' id='word_1_167' title='bbox 284 1613 397 1658; x_wconf 84' lang='grc'>8-10</span> <span class='ocrx_word' id='word_1_168' title='bbox 419 1618 619 1666; x_wconf 86' lang='lat' dir='ltr'>pollicaris</span> <span class='ocrx_word' id='word_1_169' title='bbox 644 1619 922 1668; x_wconf 85' lang='lat' dir='ltr'>ramosissima‚</span> <span class='ocrx_word' id='word_1_170' title='bbox 952 1620 1068 1668; x_wconf 84' lang='lat' dir='ltr'>calyx</span> <span class='ocrx_word' id='word_1_171' title='bbox 1092 1618 1119 1659; x_wconf 77' lang='lat'>5</span> <span class='ocrx_word' id='word_1_172' title='bbox 1147 1619 1269 1657; x_wconf 87' lang='lat' dir='ltr'>lineas</span> <span class='ocrx_word' id='word_1_173' title='bbox 1294 1619 1447 1667; x_wconf 82' lang='lat' dir='ltr'>longus.</span> <span class='ocrx_word' id='word_1_174' title='bbox 1474 1618 1507 1655; x_wconf 91' lang='lat' dir='ltr'>A</span> <span class='ocrx_word' id='word_1_175' title='bbox 1536 1616 1760 1666; x_wconf 81' lang='lat' dir='ltr'>praeceden-</span> 
     </span>
     <span class='ocr_line' id='line_1_24' title="bbox 67 1677 1165 1726; baseline 0 -10"><span class='ocrx_word' id='word_1_176' title='bbox 67 1678 168 1716; x_wconf 85' lang='lat' dir='ltr'>tibus</span> <span class='ocrx_word' id='word_1_177' title='bbox 193 1678 309 1716; x_wconf 85' lang='lat' dir='ltr'>ramis</span> <span class='ocrx_word' id='word_1_178' title='bbox 331 1678 529 1725; x_wconf 79' lang='lat' dir='ltr'>flexuosis,</span> <span class='ocrx_word' id='word_1_179' title='bbox 557 1678 698 1726; x_wconf 81' lang='lat' dir='ltr'>petalis</span> <span class='ocrx_word' id='word_1_180' title='bbox 722 1677 750 1717; x_wconf 77' lang='lat'>4</span> <span class='ocrx_word' id='word_1_181' title='bbox 776 1678 943 1717; x_wconf 86' lang='lat' dir='ltr'>dentatis</span> <span class='ocrx_word' id='word_1_182' title='bbox 970 1679 1165 1717; x_wconf 83' lang='lat' dir='ltr'>distincta.</span> 
     </span>
    </p>
   </div>
   <div class='ocr_carea' id='block_1_6' title="bbox 646 1846 1173 1892">
    <p class='ocr_par' dir='ltr' id='par_1_8' title="bbox 646 1846 1173 1892">
     <span class='ocr_line' id='line_1_25' title="bbox 646 1846 1173 1892; baseline 0 -2"><span class='ocrx_word' id='word_1_183' title='bbox 646 1847 720 1890; x_wconf 76' lang='grc' dir='ltr'>ΤΒ.</span> <span class='ocrx_word' id='word_1_184' title='bbox 754 1847 806 1891; x_wconf 85' lang='lat'>11.</span> <span class='ocrx_word' id='word_1_185' title='bbox 844 1846 1173 1892; x_wconf 87' lang='lat' dir='ltr'><strong>LYCHNIDEAE.</strong></span> 
     </span>
    </p>
   </div>
   <div class='ocr_carea' id='block_1_7' title="bbox 65 1973 1762 2133">
    <p class='ocr_par' dir='ltr' id='par_1_9' title="bbox 65 1973 1762 2133">
     <span class='ocr_line' id='line_1_26' title="bbox 65 1973 1762 2025; baseline -0.001 -12"><span class='ocrx_word' id='word_1_186' title='bbox 65 1973 88 1996; x_wconf 39' lang='grc' dir='ltr'>ἦ</span> <span class='ocrx_word' id='word_1_187' title='bbox 121 1974 276 2024; x_wconf 83' lang='lat' dir='ltr'>Calycis</span> <span class='ocrx_word' id='word_1_188' title='bbox 313 1976 422 2012; x_wconf 85' lang='lat' dir='ltr'>nervi</span> <span class='ocrx_word' id='word_1_189' title='bbox 447 1977 760 2014; x_wconf 80' lang='lat' dir='ltr'>commissuralos</span> <span class='ocrx_word' id='word_1_190' title='bbox 786 1976 894 2014; x_wconf 90' lang='lat' dir='ltr'>nulli.</span> <span class='ocrx_word' id='word_1_191' title='bbox 928 1975 1027 2024; x_wconf 86' lang='lat' dir='ltr'>Styli</span> <span class='ocrx_word' id='word_1_192' title='bbox 1055 1977 1147 2014; x_wconf 84' lang='lat' dir='ltr'>duo.</span> <span class='ocrx_word' id='word_1_193' title='bbox 1178 1976 1352 2025; x_wconf 86' lang='lat' dir='ltr'>Embryo</span> <span class='ocrx_word' id='word_1_194' title='bbox 1381 1976 1661 2024; x_wconf 77' lang='lat' dir='ltr'>peripliaericus</span> <span class='ocrx_word' id='word_1_195' title='bbox 1700 1975 1762 2012; x_wconf 86' lang='lat' dir='ltr'>vel</span> 
     </span>
     <span class='ocr_line' id='line_1_27' title="bbox 183 2034 1761 2084; baseline -0.001 -12"><span class='ocrx_word' id='word_1_196' title='bbox 183 2039 378 2072; x_wconf 87' lang='lat' dir='ltr'>curvatus.</span> <span class='ocrx_word' id='word_1_197' title='bbox 406 2057 466 2064; x_wconf 90' lang='lat'><strong>—</strong></span> <span class='ocrx_word' id='word_1_198' title='bbox 491 2034 647 2073; x_wconf 86' lang='lat' dir='ltr'>Genera</span> <span class='ocrx_word' id='word_1_199' title='bbox 671 2036 770 2073; x_wconf 87' lang='lat' dir='ltr'>inter</span> <span class='ocrx_word' id='word_1_200' title='bbox 803 2047 845 2073; x_wconf 89' lang='lat' dir='ltr'>se</span> <span class='ocrx_word' id='word_1_201' title='bbox 875 2036 989 2074; x_wconf 86' lang='lat' dir='ltr'>valde</span> <span class='ocrx_word' id='word_1_202' title='bbox 1026 2036 1157 2074; x_wconf 86' lang='lat' dir='ltr'>affinia</span> <span class='ocrx_word' id='word_1_203' title='bbox 1191 2039 1229 2074; x_wconf 87' lang='lat' dir='ltr'>et</span> <span class='ocrx_word' id='word_1_204' title='bbox 1254 2036 1381 2084; x_wconf 85' lang='lat' dir='ltr'>quoad</span> <span class='ocrx_word' id='word_1_205' title='bbox 1410 2035 1658 2074; x_wconf 83' lang='lat' dir='ltr'>characteres</span> <span class='ocrx_word' id='word_1_206' title='bbox 1684 2046 1761 2072; x_wconf 89' lang='lat' dir='ltr'>non</span> 
     </span>
     <span class='ocr_line' id='line_1_28' title="bbox 187 2094 606 2133; baseline 0.002 -2"><span class='ocrx_word' id='word_1_207' title='bbox 187 2098 249 2132; x_wconf 84' lang='lat' dir='ltr'>sat</span> <span class='ocrx_word' id='word_1_208' title='bbox 271 2094 343 2132; x_wconf 86' lang='lat' dir='ltr'>rite</span> <span class='ocrx_word' id='word_1_209' title='bbox 377 2095 606 2133; x_wconf 84' lang='lat' dir='ltr'>delimitata.</span> 
     </span>
    </p>
   </div>
   <div class='ocr_carea' id='block_1_8' title="bbox 569 2218 1251 2281">
    <p class='ocr_par' dir='ltr' id='par_1_10' title="bbox 569 2218 1251 2281">
     <span class='ocr_line' id='line_1_29' title="bbox 569 2218 1251 2281; baseline -0.003 -15"><span class='ocrx_word' id='word_1_210' title='bbox 569 2218 854 2266; x_wconf 76' lang='lat' dir='ltr'>SAPtJNARlA</span> <span class='ocrx_word' id='word_1_211' title='bbox 888 2218 960 2278; x_wconf 84' lang='lat' dir='ltr'>(L.</span> <span class='ocrx_word' id='word_1_212' title='bbox 996 2219 1092 2266; x_wconf 85' lang='lat' dir='ltr'>Gen.</span> <span class='ocrx_word' id='word_1_213' title='bbox 1130 2218 1251 2281; x_wconf 74' lang='lat'>584).</span> 
     </span>
    </p>
   </div>
   <div class='ocr_carea' id='block_1_9' title="bbox 65 2347 1767 2934">
    <p class='ocr_par' dir='ltr' id='par_1_11' title="bbox 65 2347 1767 2934">
     <span class='ocr_line' id='line_1_30' title="bbox 123 2347 1765 2407; baseline 0 -16"><span class='ocrx_word' id='word_1_214' title='bbox 123 2348 246 2407; x_wconf 81' lang='lat' dir='ltr'>Calyx</span> <span class='ocrx_word' id='word_1_215' title='bbox 273 2349 528 2407; x_wconf 82' lang='lat' dir='ltr'>cylindricus</span> <span class='ocrx_word' id='word_1_216' title='bbox 557 2350 618 2392; x_wconf 85' lang='lat' dir='ltr'>vel</span> <span class='ocrx_word' id='word_1_217' title='bbox 647 2349 1131 2407; x_wconf 76' lang='lat' dir='ltr'>oblongo-cylindricus</span> <span class='ocrx_word' id='word_1_218' title='bbox 1169 2349 1308 2392; x_wconf 88' lang='lat' dir='ltr'>nervis</span> <span class='ocrx_word' id='word_1_219' title='bbox 1336 2349 1581 2392; x_wconf 86' lang='lat' dir='ltr'>numerosis</span> <span class='ocrx_word' id='word_1_220' title='bbox 1609 2347 1765 2405; x_wconf 84' lang='lat' dir='ltr'>saepius</span> 
     </span>
     <span class='ocr_line' id='line_1_31' title="bbox 73 2406 1764 2464; baseline 0 -15"><span class='ocrx_word' id='word_1_221' title='bbox 73 2406 273 2451; x_wconf 65' lang='lat' dir='ltr'>&gt;bscuris</span> <span class='ocrx_word' id='word_1_222' title='bbox 311 2408 452 2451; x_wconf 81' lang='lat' dir='ltr'>Petala</span> <span class='ocrx_word' id='word_1_223' title='bbox 486 2407 512 2451; x_wconf 88' lang='lat'>5</span> <span class='ocrx_word' id='word_1_224' title='bbox 545 2422 691 2464; x_wconf 84' lang='lat' dir='ltr'>ungue</span> <span class='ocrx_word' id='word_1_225' title='bbox 730 2415 909 2464; x_wconf 82' lang='lat' dir='ltr'>angusto</span> <span class='ocrx_word' id='word_1_226' title='bbox 946 2408 1062 2451; x_wconf 93' lang='lat' dir='ltr'>intus</span> <span class='ocrx_word' id='word_1_227' title='bbox 1099 2407 1466 2464; x_wconf 83' lang='lat' dir='ltr'>longitudinaliter</span> <span class='ocrx_word' id='word_1_228' title='bbox 1503 2407 1764 2451; x_wconf 85' lang='lat' dir='ltr'>bilamellato</span> 
     </span>
     <span class='ocr_line' id='line_1_32' title="bbox 66 2465 1764 2524; baseline 0 -17"><span class='ocrx_word' id='word_1_229' title='bbox 66 2465 225 2509; x_wconf 76' lang='lat' dir='ltr'>lamina</span> <span class='ocrx_word' id='word_1_230' title='bbox 252 2467 304 2509; x_wconf 90' lang='lat' dir='ltr'>ab</span> <span class='ocrx_word' id='word_1_231' title='bbox 332 2481 475 2523; x_wconf 85' lang='lat' dir='ltr'>ungue</span> <span class='ocrx_word' id='word_1_232' title='bbox 503 2467 658 2524; x_wconf 87' lang='lat' dir='ltr'>saepius</span> <span class='ocrx_word' id='word_1_233' title='bbox 685 2466 882 2510; x_wconf 77' lang='lat' dir='ltr'>distincta</span> <span class='ocrx_word' id='word_1_234' title='bbox 911 2466 1000 2509; x_wconf 88' lang='lat' dir='ltr'>basi</span> <span class='ocrx_word' id='word_1_235' title='bbox 1029 2470 1246 2524; x_wconf 76' lang='lat' dir='ltr'>squamata</span> <span class='ocrx_word' id='word_1_236' title='bbox 1280 2468 1343 2509; x_wconf 80' lang='lat' dir='ltr'>vel</span> <span class='ocrx_word' id='word_1_237' title='bbox 1370 2467 1485 2510; x_wconf 78' lang='lat' dir='ltr'>nuda</span> <span class='ocrx_word' id='word_1_238' title='bbox 1511 2466 1666 2523; x_wconf 83' lang='lat' dir='ltr'>saepius</span> <span class='ocrx_word' id='word_1_239' title='bbox 1694 2479 1764 2508; x_wconf 86' lang='lat' dir='ltr'>ex-</span> 
     </span>
     <span class='ocr_line' id='line_1_33' title="bbox 65 2524 1763 2582; baseline 0 -16"><span class='ocrx_word' id='word_1_240' title='bbox 65 2528 209 2580; x_wconf 80' lang='lat' dir='ltr'>pansa.</span> <span class='ocrx_word' id='word_1_241' title='bbox 241 2524 428 2568; x_wconf 82' lang='lat' dir='ltr'>Stamina</span> <span class='ocrx_word' id='word_1_242' title='bbox 455 2525 526 2569; x_wconf 71' lang='lat'>40.</span> <span class='ocrx_word' id='word_1_243' title='bbox 559 2526 691 2569; x_wconf 86' lang='lat' dir='ltr'>Torus</span> <span class='ocrx_word' id='word_1_244' title='bbox 718 2540 871 2582; x_wconf 89' lang='lat' dir='ltr'>parvus</span> <span class='ocrx_word' id='word_1_245' title='bbox 898 2526 960 2568; x_wconf 92' lang='lat' dir='ltr'>vel</span> <span class='ocrx_word' id='word_1_246' title='bbox 978 2525 1020 2568; x_wconf 93' lang='lat' dir='ltr'>in</span> <span class='ocrx_word' id='word_1_247' title='bbox 1042 2526 1355 2582; x_wconf 76' lang='lat' dir='ltr'>carpopliorum</span> <span class='ocrx_word' id='word_1_248' title='bbox 1386 2526 1623 2581; x_wconf 83' lang='lat' dir='ltr'>elongatus.</span> <span class='ocrx_word' id='word_1_249' title='bbox 1655 2524 1763 2567; x_wconf 85' lang='lat' dir='ltr'>Ova-</span> 
     </span>
     <span class='ocr_line' id='line_1_34' title="bbox 67 2581 1767 2642; baseline 0.001 -18"><span class='ocrx_word' id='word_1_250' title='bbox 67 2581 178 2624; x_wconf 88' lang='lat' dir='ltr'>rium</span> <span class='ocrx_word' id='word_1_251' title='bbox 206 2583 360 2640; x_wconf 71' lang='lat' dir='ltr'>saepius</span> <span class='ocrx_word' id='word_1_252' title='bbox 387 2584 727 2628; x_wconf 80' lang='lat' dir='ltr'>multiovulatum</span> <span class='ocrx_word' id='word_1_253' title='bbox 758 2585 946 2640; x_wconf 74' lang='lat' dir='ltr'>placenta</span> <span class='ocrx_word' id='word_1_254' title='bbox 976 2584 1221 2642; x_wconf 71' lang='lat' dir='ltr'>cylindrica.</span> <span class='ocrx_word' id='word_1_255' title='bbox 1252 2583 1431 2640; x_wconf 87' lang='lat' dir='ltr'>Capsula</span> <span class='ocrx_word' id='word_1_256' title='bbox 1449 2583 1684 2627; x_wconf 80' lang='lat' dir='ltr'>obovoidea</span> <span class='ocrx_word' id='word_1_257' title='bbox 1702 2583 1767 2625; x_wconf 88' lang='lat' dir='ltr'>vel</span> 
     </span>
     <span class='ocr_line' id='line_1_35' title="bbox 68 2640 1766 2699; baseline 0.001 -17"><span class='ocrx_word' id='word_1_258' title='bbox 68 2640 248 2698; x_wconf 87' lang='lat' dir='ltr'>oblonga</span> <span class='ocrx_word' id='word_1_259' title='bbox 276 2642 413 2685; x_wconf 78' lang='lat' dir='ltr'>rarius</span> <span class='ocrx_word' id='word_1_260' title='bbox 441 2644 630 2699; x_wconf 76' lang='lat' dir='ltr'>globosa,</span> <span class='ocrx_word' id='word_1_261' title='bbox 652 2643 694 2686; x_wconf 91' lang='lat' dir='ltr'>in</span> <span class='ocrx_word' id='word_1_262' title='bbox 714 2644 850 2686; x_wconf 85' lang='lat' dir='ltr'>valvas</span> <span class='ocrx_word' id='word_1_263' title='bbox 871 2643 1020 2685; x_wconf 87' lang='lat' dir='ltr'>breves</span> <span class='ocrx_word' id='word_1_264' title='bbox 1039 2644 1101 2685; x_wconf 84' lang='lat' dir='ltr'>vel</span> <span class='ocrx_word' id='word_1_265' title='bbox 1121 2643 1267 2685; x_wconf 83' lang='lat' dir='ltr'>dentes</span> <span class='ocrx_word' id='word_1_266' title='bbox 1286 2642 1313 2684; x_wconf 67' lang='lat'><strong>4</strong></span> <span class='ocrx_word' id='word_1_267' title='bbox 1331 2642 1573 2685; x_wconf 77' lang='lat' dir='ltr'>dehiscens.</span> <span class='ocrx_word' id='word_1_268' title='bbox 1595 2641 1766 2685; x_wconf 81' lang='lat' dir='ltr'>Semina</span> 
     </span>
     <span class='ocr_line' id='line_1_36' title="bbox 68 2699 1766 2764; baseline 0.001 -23"><span class='ocrx_word' id='word_1_269' title='bbox 68 2699 315 2764; x_wconf 80' lang='lat' dir='ltr'>reniformia</span> <span class='ocrx_word' id='word_1_270' title='bbox 342 2702 401 2744; x_wconf 91' lang='lat' dir='ltr'>vel</span> <span class='ocrx_word' id='word_1_271' title='bbox 430 2702 685 2757; x_wconf 85' lang='lat' dir='ltr'>subglobosa</span> <span class='ocrx_word' id='word_1_272' title='bbox 713 2701 916 2744; x_wconf 85' lang='lat' dir='ltr'>umbilico</span> <span class='ocrx_word' id='word_1_273' title='bbox 937 2701 1159 2757; x_wconf 83' lang='lat' dir='ltr'>marginali</span> <span class='ocrx_word' id='word_1_274' title='bbox 1181 2701 1317 2744; x_wconf 80' lang='lat' dir='ltr'>affixa.</span> <span class='ocrx_word' id='word_1_275' title='bbox 1342 2701 1527 2758; x_wconf 79' lang='lat' dir='ltr'>Einbryo</span> <span class='ocrx_word' id='word_1_276' title='bbox 1546 2700 1766 2757; x_wconf 88' lang='lat' dir='ltr'>periphoe-</span> 
     </span>
     <span class='ocr_line' id='line_1_37' title="bbox 69 2758 1765 2817; baseline 0.002 -18"><span class='ocrx_word' id='word_1_277' title='bbox 69 2769 181 2801; x_wconf 81' lang='lat' dir='ltr'>ricus</span> <span class='ocrx_word' id='word_1_278' title='bbox 210 2758 394 2802; x_wconf 72' lang='lat' dir='ltr'>radicula</span> <span class='ocrx_word' id='word_1_279' title='bbox 427 2774 512 2803; x_wconf 91' lang='lat' dir='ltr'>non</span> <span class='ocrx_word' id='word_1_280' title='bbox 538 2760 814 2816; x_wconf 79' lang='lat' dir='ltr'>prominenti.</span> <span class='ocrx_word' id='word_1_281' title='bbox 838 2786 895 2792; x_wconf 92' lang='lat'>—</span> <span class='ocrx_word' id='word_1_282' title='bbox 922 2760 1062 2803; x_wconf 84' lang='lat' dir='ltr'>Genus</span> <span class='ocrx_word' id='word_1_283' title='bbox 1081 2774 1103 2803; x_wconf 91' lang='lat' dir='ltr'>a</span> <span class='ocrx_word' id='word_1_284' title='bbox 1126 2759 1388 2817; x_wconf 55' lang='lat' dir='ltr'>Gypsoplm&#39;lst</span> <span class='ocrx_word' id='word_1_285' title='bbox 1407 2761 1548 2817; x_wconf 82' lang='lat' dir='ltr'>calyce</span> <span class='ocrx_word' id='word_1_286' title='bbox 1584 2760 1765 2802; x_wconf 87' lang='lat' dir='ltr'>obscure</span> 
     </span>
     <span class='ocr_line' id='line_1_38' title="bbox 69 2816 1767 2875; baseline 0.001 -17"><span class='ocrx_word' id='word_1_287' title='bbox 69 2816 309 2860; x_wconf 85' lang='lat' dir='ltr'>multinervi</span> <span class='ocrx_word' id='word_1_288' title='bbox 336 2832 554 2875; x_wconf 88' lang='lat' dir='ltr'>nunquam</span> <span class='ocrx_word' id='word_1_289' title='bbox 586 2819 828 2871; x_wconf 86' lang='lat' dir='ltr'>turbinato,</span> <span class='ocrx_word' id='word_1_290' title='bbox 869 2818 982 2862; x_wconf 84' lang='lat' dir='ltr'>vittis</span> <span class='ocrx_word' id='word_1_291' title='bbox 1022 2818 1361 2862; x_wconf 80' lang='lat' dir='ltr'>membranaceis</span> <span class='ocrx_word' id='word_1_292' title='bbox 1389 2817 1626 2862; x_wconf 80' lang='lat' dir='ltr'>manifestis</span> <span class='ocrx_word' id='word_1_293' title='bbox 1654 2818 1767 2861; x_wconf 86' lang='lat' dir='ltr'>inter</span> 
     </span>
     <span class='ocr_line' id='line_1_39' title="bbox 67 2876 1765 2934; baseline 0.002 -19"><span class='ocrx_word' id='word_1_294' title='bbox 67 2887 216 2918; x_wconf 74' lang='lat' dir='ltr'>nervos</span> <span class='ocrx_word' id='word_1_295' title='bbox 245 2876 398 2932; x_wconf 66' lang='lat' dir='ltr'>saepius</span> <span class='ocrx_word' id='word_1_296' title='bbox 425 2876 624 2920; x_wconf 79' lang='lat' dir='ltr'>destituto</span> <span class='ocrx_word' id='word_1_297' title='bbox 655 2878 717 2921; x_wconf 85' lang='lat' dir='ltr'>vix</span> <span class='ocrx_word' id='word_1_298' title='bbox 746 2884 785 2921; x_wconf 85' lang='lat' dir='ltr'>ct</span> <span class='ocrx_word' id='word_1_299' title='bbox 821 2876 1102 2920; x_wconf 78' lang='lat' dir='ltr'>artificialiter</span> <span class='ocrx_word' id='word_1_300' title='bbox 1139 2877 1401 2920; x_wconf 75' lang='lat' dir='ltr'>distinctum.</span> <span class='ocrx_word' id='word_1_301' title='bbox 1448 2876 1611 2933; x_wconf 87' lang='lat' dir='ltr'>Unguis</span> <span class='ocrx_word' id='word_1_302' title='bbox 1650 2882 1765 2934; x_wconf 82' lang='lat' dir='ltr'>peta-</span> 
     </span>
    </p>
   </div>
  </div>
 </body>
</html>
