2021 3235
1033 208 1089 252 10

210 295 316 353 palis
357 297 1000 354 campanulato-conniventibus
1027 299 1146 357 apice
1174 302 1376 347 revolutis
1402 301 1586 346 stamina
1611 305 1736 361 paulo
1773 320 1900 363 supe—

211 355 405 398 rantibus
442 364 503 405 24.
535 356 669 399 Rchb.
690 356 763 412 fig.
793 356 924 400 4655.

268 427 368 465 Hab.
395 427 499 465 eirea
522 427 753 475 Byzantium
779 427 921 478 (Sibth.
949 429 1248 482 Duparquetl).

268 491 345 532 Ar.
374 492 536 544 Geogr.
555 494 716 543 Europa
740 496 909 534 borealis
928 500 966 535 ct
988 498 1118 535 media
1142 511 1166 536 a.
1189 500 1318 538 Dania
1339 501 1390 538 ad
1413 500 1595 539 Rossiam
1617 502 1836 541 australem.

266 635 329 677 A.
354 640 642 680 montana
669 636 829 694 (Hoppe
857 651 924 694 ap.
957 637 1114 681 Sturm.
1143 637 1213 681 10.
1234 638 1327 694 46.)
1346 639 1455 683 soliis
1474 640 1712 697 synanthiis
1741 641 1902 684 ambitu

209 692 340 735 ovatis
381 693 873 752 triplicato-pinnatifidis
914 696 1080 740 laciniis
1120 697 1356 741 linearibus
1398 699 1551 753 acutis,
1591 699 1697 742 flore
1734 700 1901 742 nutanti

207 750 490 794 atroviolaceo
532 756 831 811 campanulato
877 755 1053 798 demum
1090 756 1286 799 stellatim
1323 770 1524 814 expanso,
1568 758 1723 815 sepalis
1773 759 1904 802 ovatis

206 810 269 851 vel
301 810 642 868 ovato-oblongis
683 814 847 858 obtusis
889 814 1072 857 stamina
1112 813 1177 857 his
1220 815 1522 858 excedentibus
1575 823 1637 865 26.
1670 816 1727 860 Ic.
1764 816 1898 860 Rchb.

205 866 336 910 4656.
357 868 408 910 Α.
428 873 644 926 pratensis
675 873 823 928 (Koch.
856 872 980 916 Linn.
1010 872 1141 926 1841,
1171 887 1213 930 p.
1247 872 1347 916 248.
1380 888 1430 917 ex
1457 874 1583 917 Pritz.
1615 888 1701 918 non
1734 875 1778 918 L.

265 939 368 976 Hab.
394 939 431 976 in
463 943 630 980 collibus
650 945 804 982 saxosis
829 944 994 984 Caucasi
1016 945 1056 982 in
1082 945 1229 983 ditione
1254 944 1435 983 Cabarda
1460 944 1528 996 (O.
1553 946 1670 985 Koch
1693 958 1741 984 ex
1754 945 1901 1000 Pritz.),

208 996 551 1051 Tau1·iae(Pritz.).
575 1002 636 1041 Fl.
662 1003 758 1052 Apr.
783 1004 874 1043 Mai.
903 1003 995 1042 Non
1020 1003 1115 1042 vidi.

209 1122 237 1161 C
265 1062 342 1133 Ar.
376 1063 538 1117 Geogr.
564 1067 693 1108 Gallia
726 1074 846 1109 austr.
884 1070 1010 1110 occid.
1045 1070 1160 1109 Helv.
1197 1073 1318 1108 austr.
1353 1071 1467 1109 Italia
1491 1071 1683 1120 superior.
1714 1073 1900 1121 Tyrolus.

242 1135 364 1163 amia.

266 1190 538 1289 Adpulsatilla
571 1196 620 1233 M.
652 1196 697 1234 B.
724 1196 845 1235 Taur.
878 1196 996 1235 Cauc.
1031 1196 1081 1233 11.
1114 1208 1155 1245 p.
1187 1194 1244 1235 18
1268 1195 1342 1235 huc
1377 1208 1424 1234 ex
1458 1197 1507 1236 cl.
1542 1197 1685 1235 Pritzel
1720 1202 1900 1248 spectare

267 1251 305 1288 vi
338 1255 436 1290 etur.

276 1391 338 1434 A.
372 1392 603 1437 Albana
643 1392 769 1449 (Stew
803 1393 927 1436 Mem.
973 1392 1067 1436 Nat.
1114 1392 1247 1450 Mosq.
1279 1391 1354 1446 ΙΙΙ,
1389 1407 1431 1449 p.
1468 1391 1570 1449 264)
1606 1392 1716 1436 foliis
1754 1393 1901 1451 subsy-

207 1449 395 1493 nanthiis
447 1451 610 1494 ambitu
658 1452 853 1508 oblongis
892 1450 1214 1509 tripinnatilidis
1265 1451 1519 1495 albovillosis
1566 1451 1761 1495 lacinulis
1808 1452 1900 1496 bre-

204 1507 326 1551 vibus
359 1509 594 1553 linearibus
621 1512 686 1554 vel
713 1510 1180 1567 oblongo-linearibus,
1214 1509 1320 1553 flore
1355 1511 1556 1567 adpresse
1585 1510 1749 1554 sericeo
1784 1525 1899 1554 carn-

203 1569 404 1622 panulato
430 1569 596 1612 nutanti
624 1569 714 1613 basi
743 1570 1068 1625 subaugustato,
1097 1568 1250 1626 sepalis
1278 1569 1472 1626 oblongis
1491 1569 1610 1625 apice
1630 1569 1797 1612 reflexis
1817 1576 1898 1613 sta-

203 1625 320 1668 mina
346 1631 498 1683 quarta
525 1635 644 1685 parte
673 1629 976 1686 superantibus
1012 1635 1075 1678 26.
1107 1627 1206 1671 Led.
1239 1627 1296 1671 Ic.
1327 1628 1414 1671 tab.
1446 1627 1546 1671 109.

272 1696 373 1734 Hab.
400 1697 438 1734 in
473 1699 595 1746 pratis
630 1699 822 1737 montanis
858 1699 1023 1737 Caucasi
1059 1698 1261 1735 orientalis
1297 1696 1510 1748 (Stevenl)
1550 1702 1587 1736 et
1626 1699 1676 1736 ad
1701 1698 1899 1736 Nartzana

205 1751 337 1805 (MR),
363 1758 558 1795 montibus
587 1759 693 1797 cirea
715 1759 828 1797 Tiflis
856 1758 1015 1810 (Hohl),
1040 1757 1185 1795 ditione
1210 1756 1387 1806 Talysch
1414 1756 1614 1808 (Buhsel)‚
1642 1758 1788 1796 Persiae
1815 1759 1898 1796 bor.

205 1818 335 1852 monte
358 1815 550 1864 Kal-agiol
577 1817 771 1867 (Szowl).
798 1819 856 1855 Fl.
882 1818 1008 1866 primo
1040 1829 1144 1855 vere.

264 1883 398 1921 Variat
422 1884 581 1923 fioribus
613 1886 766 1924 flavidis
793 1890 830 1924 et
862 1886 1054 1924 coeruleis.
1078 1884 1217 1923 Affinis
1242 1885 1366 1923 forma
1389 1885 1497 1923 floris
1522 1883 1568 1924 A.
1597 1886 1775 1934 pratensi
1808 1886 1899 1924 laci-

203 1942 277 1980 niis
300 1943 481 1981 soliorum
505 1945 709 1983 latioribus
734 1950 771 1984 et
797 1946 917 1983 multo
937 1945 1195 1994 longioribuS,
1221 1945 1423 1983 involucro
1448 1945 1498 1983 ad
1524 1945 1636 1983 basin
1660 1946 1804 1993 partito
1828 1957 1900 1984 nec

204 2003 376 2040 breviter
400 2004 522 2042 inciso
549 2005 757 2043 distinctae.

261 2066 337 2108 Ar.
366 2068 530 2120 Geogr.
574 2071 718 2110 Sibiria
744 2072 900 2110 Altaica
925 2076 963 2110 et
983 2071 1243 2110 BuicalensiS.

259 2219 321 2262 A.
340 2220 611 2266 Armena.
630 2222 740 2266 foliis
758 2221 1079 2280 subsynanthiis
1101 2222 1263 2265 ambitu
1281 2221 1412 2266 ovatis
1430 2221 1751 2279 tripinnatissdis
1776 2223 1898 2266 albo—

202 2276 359 2321 villosis
387 2278 582 2324 lacinulis
609 2281 810 2326 brevibus
839 2279 1042 2326 confertis
1068 2280 1444 2337 lineari-oblongis
1462 2317 1471 2335 ,
1500 2281 1605 2325 flore
1634 2281 1800 2325 nutanti
1828 2282 1898 2325 ad·

202 2349 347 2392 presse
365 2337 531 2381 hirsuto
549 2342 864 2397 campanulato,
885 2338 1043 2398 sepalis
1059 2340 1256 2397 oblongis
1275 2339 1550 2383 acutiusculis
1569 2339 1696 2383 rectis
1715 2340 1900 2384 stamina

205 2394 474 2497 tertiasparte
500 2399 803 2455 superantibus
838 2408 901 2449 26.
937 2400 991 2444 A.
1021 2400 1189 2444 Albana
1219 2399 1351 2442 Boiss.
1394 2398 1438 2442 in
1481 2412 1569 2443 exs.
1600 2399 1712 2443 Huet
1754 2406 1796 2442 et
1837 2399 1899 2457 ΚΥ

207 2466 294 2497 non
351 2462 432 2498 tev.

263 2526 365 2565 Hab.
402 2528 439 2564 in
466 2529 626 2577 regione
650 2530 783 2578 alpina
804 2529 1000 2569 Armeniae
1024 2531 1203 2569 Turcicae
1226 2542 1345 2579 supra
1372 2529 1636 2568 Maimansour
1673 2531 1728 2568 alt
1766 2528 1896 2570 7000'

206 2584 345 2633 (Huetl
372 2581 398 2639 )
427 2587 465 2624 in
491 2589 613 2636 pratis
637 2589 776 2637 Bingol
803 2591 856 2627 alt
878 2588 1010 2630 8000'
1035 2590 1134 2641 (Kyz
1151 2591 1179 2641 ),
1206 2591 1244 2627 in
1270 2589 1438 2637 Olympo
1463 2588 1633 2628 Armeno
1661 2589 1896 2640 (Auch.exs.

208 2643 262 2684 15
290 2650 326 2682 et
343 2644 461 2685 4015
495 2648 550 2684 Al
571 2648 600 2698 )‚
627 2649 665 2685 in
692 2654 821 2686 moute
845 2650 988 2698 Argaeo
1013 2650 1276 2699 Cappadociae
1299 2650 1352 2687 alt
1377 2646 1514 2689 8500!
1543 2647 1702 2701 (Bau).
1729 2649 1789 2688 Fl.
1806 2651 1898 2688 nive

206 2704 502 2753 deliquescenti.

264 2773 448 2820 Humilis,
473 2775 589 2813 flores
613 2777 1015 2824 purpureo-violacei.
1041 2777 1284 2816 Praecedenti
1300 2777 1349 2814 ob
1367 2776 1483 2814 flores
1505 2787 1671 2815 cernuos
1698 2776 1897 2826 hueusque

207 2833 390 2882 conjunxi
421 2835 491 2872 sed
524 2840 629 2874 certe
654 2836 806 2886 differt3
833 2836 927 2874 folia
954 2837 1103 2875 minora
1126 2837 1370 2885 abbreviata!
1396 2835 1468 2873 flos
1494 2837 1619 2875 minus
1642 2837 1897 2875 abbreviatus

206 2893 351 2940 sepalis
376 2895 615 2934 acutioribus
653 2894 766 2943 apice
798 2907 875 2933 non
909 2896 1078 2934 reflexis.
1105 2896 1315 2934 Involucra
1337 2895 1491 2932 variant
1516 2895 1687 2934 breviter
1712 2897 1774 2934 vel
1806 2908 1895 2944 pro—

205 2951 321 2990 fundo
348 2952 543 2992 laciniata.
567 2953 615 2992 A.
642 2958 828 2994 montana
852 2956 981 2994 differt
1007 2955 1100 2994 flore
1129 2956 1283 2995 demum
1307 2955 1491 2993 stellatim
1518 2967 1712 3005 expanso,
1739 2955 1892 2995 laciniis

206 3010 332 3050 folior.
365 3013 612 3063 longioribus
638 3015 860 3055 latioribus.
