2021 3235
991 138 1077 182 564

206 239 418 298 dispositis
446 246 486 281 et
511 234 826 286 terminalibus,
864 230 1046 274 bracteis
1079 227 1204 271 rectis
1240 227 1368 292 calyci
1404 226 1683 284 aequilongis,
1724 228 1878 285 calycis

206 297 394 355 pruinosi
423 295 617 340 dentibus
645 288 963 347 erecto-patulis
989 286 1120 330 ovatis
1145 286 1408 341 longiuscule
1426 286 1610 328 acerosis
1626 285 1878 342 aequilongis

206 358 255 400 ad
284 355 495 410 margines
522 352 762 396 introflexos
788 348 1035 391 membrana
1063 344 1249 388 ciliatula
1267 343 1431 386 faucem
1449 343 1661 387 ambiente
1680 343 1879 401 conjunc-

205 415 273 465 tis,
301 414 454 456 lamina
482 412 576 455 alba
604 409 831 453 obcordata
858 407 1021 449 exserta
1047 411 1084 453 5.

262 485 361 521 Hab.
386 484 423 520 in
447 481 596 519 saxosis
621 483 659 517 et
681 477 886 527 praeruptis
905 473 1097 512 montanis
1115 471 1309 509 Armeniae
1330 471 1506 510 Rossicae
1525 471 1653 523 (Szow
1667 471 1705 522 l),
1721 472 1879 511 ditionis

204 542 380 591 Talysch
396 552 518 589 prope
542 539 671 577 Swant
696 532 874 584 (C.A.M!
902 533 990 571 Hoh
1010 531 1055 583 !).
1079 531 1139 569 Fl.
1164 531 1253 569 Jun.

261 609 371 646 Rami
396 618 497 655 saepe
522 605 694 654 pedales,
718 602 810 641 folia
834 598 942 641 8-10
965 600 1030 637 lin.
1055 599 1186 645 longa.
1213 596 1383 645 Capsula
1408 597 1494 645 piso
1520 597 1737 647 submajor-

260 761 320 803 A.
338 756 832 813 microcephalum
861 751 1010 809 (Boiss.
1041 750 1190 806 Diagn.
1222 749 1312 794 Ser.
1334 750 1367 803 Ι,
1388 750 1422 804 Ι,
1440 764 1482 807 p.
1504 748 1580 807 43)
1607 749 1878 804 fruticosum,

201 818 329 861 ramis
356 816 505 860 erectis
538 814 685 857 albidis
721 812 764 855 in
799 811 1039 869 paniculam
1075 808 1356 862 abeuntibus,
1396 807 1529 852 axillis
1565 807 1876 863 fasciculiseris‚

200 876 391 933 capitulis
427 872 719 917 terminalibus
745 869 946 927 globosis,
975 867 1158 911 bracteis
1185 868 1325 925 calyce
1353 866 1621 910 brevioribus
1647 867 1711 910 vel
1738 866 1878 910 subae-

199 933 433 991 quilongis,
476 930 625 989 calycis
666 927 939 987 glabriusculi
987 925 1186 969 dentibus
1228 925 1378 969 erectis
1418 925 1653 982 aequalibus
1694 925 1881 968 breviter

198 992 327 1035 ovatis
345 989 601 1034 mucronatis
613 989 693 1031 late
712 985 1047 1030 membranaceis
1064 984 1315 1028 membrana
1333 983 1501 1028 fauciali
1520 997 1606 1027 non
1618 983 1872 1041 conjunctis,

197 1050 353 1093 lamina
379 1049 472 1093 alba
497 1047 724 1091 obcordata
751 1047 914 1088 exserta
936 1051 971 1093 5.

256 1119 354 1159 Hab.
380 1120 417 1157 in
442 1116 682 1166 rupestribus
713 1115 854 1153 montis
876 1114 1020 1152 Elbrus
1044 1112 1189 1150 Persiae
1212 1114 1297 1151 bor.
1322 1124 1446 1162 prope
1469 1111 1656 1150 Derbend
1678 1111 1761 1162 (Ky
1791 1123 1875 1150 exs-

199 1175 304 1221 415!
335 1179 405 1217 sub
423 1179 466 1215 A.
492 1175 752 1224 mucronato),
782 1173 924 1224 (Auch.
953 1184 1033 1210 exs.
1058 1170 1253 1223 5267!)‚
1279 1183 1405 1222 prope
1428 1170 1633 1210 Schahrud
1657 1165 1872 1225 (Bungel).

198 1242 259 1279 Fl.
285 1241 371 1278 Jun.

256 1307 370 1346 Folia
393 1303 646 1353 praecedentis
668 1301 737 1339 sed
772 1301 895 1337 minus
931 1299 1116 1349 decidua,
1143 1298 1317 1347 capitula
1341 1299 1506 1348 minora,
1532 1297 1704 1336 dentium
1728 1297 1875 1345 calyeis

198 1371 394 1406 structura
419 1364 585 1401 diversa.

250 1517 311 1560 A.
329 1511 719 1558 Tourneiortii
746 1510 890 1575 <Fenzl
917 1511 1026 1553 Ann.
1051 1510 1190 1553 Wien.
1221 1510 1324 1552 Mus.
1347 1509 1401 1562 ΙΙ,
1429 1523 1470 1566 p.
1493 1508 1597 1567 309>
1625 1509 1877 1553 fruticosum

194 1572 545 1623 scabriusculum‚
575 1568 704 1612 ramis
728 1568 903 1625 virgatis
930 1568 1195 1626 simplicibus
1222 1568 1286 1611 vel
1303 1567 1573 1625 paniculatis‚
1601 1568 1736 1612 axillis
1752 1567 1877 1612 fasci-

194 1631 406 1684 culiferis‚
445 1627 637 1686 capitulis
664 1628 716 1671 ad
742 1627 876 1670 nodos
902 1627 1146 1684 superiores
1173 1640 1250 1684 per
1274 1625 1394 1684 paria
1421 1626 1635 1684 dispositis
1662 1634 1703 1670 et
1728 1626 1878 1670 termi-

193 1690 358 1734 nalibus
385 1687 601 1731 sessilibus
626 1686 689 1729 vel
723 1685 908 1729 breviter
941 1685 1265 1743 pedunculatis‚
1309 1685 1492 1729 bracteis
1529 1685 1657 1729 rectis
1692 1686 1878 1743 calycem

192 1746 473 1806 aequantibus,
502 1743 655 1802 calycis
681 1743 877 1801 puberuli
905 1743 1103 1788 dentibus
1131 1744 1496 1801 subinaequalibus
1522 1743 1770 1787 lanceolatis
1788 1757 1879 1787 ace-

194 1806 300 1850 rosis
328 1804 481 1849 strictis
512 1802 705 1859 margine
740 1801 897 1859 glabris
932 1816 1018 1846 non
1053 1802 1313 1856 introllexis,
1351 1802 1509 1845 lamina
1545 1802 1639 1845 alba
1675 1810 1876 1845 cuneato-

193 1864 343 1908 lineari
371 1865 511 1906 retusa
537 1861 654 1918 apice
681 1863 843 1904 exserta
860 1868 897 1910 5.
928 1860 980 1903 A.
1001 1867 1304 1904 mucronatum
1331 1860 1456 1904 Fenzl
1473 1861 1582 1903 Ann.
1603 1860 1745 1904 Wien.
1768 1861 1873 1904 Mus.

196 1923 229 1977 1,
257 1937 299 1979 p.
330 1920 402 1974 37,
431 1920 514 1963 tab.
546 1918 573 1962 5
600 1932 685 1962 non
712 1918 870 1962 C.A.M.
891 1945 947 1949 —
973 1919 1191 1962 Arenaria
1207 1919 1466 1963 verticillata
1492 1918 1637 1962 Willd.
1658 1918 1726 1976 Sp.
1760 1918 1813 1973 11,
1833 1933 1873 1976 p.

198 1979 282 2023 725
309 1986 350 2023 et
374 1978 505 2021 herb!

254 2050 354 2087 Hab.
382 2050 419 2085 in
444 2047 629 2085 Armenia
652 2046 823 2085 Turcica
849 2047 948 2085 inter
981 2047 1168 2085 Erzerum
1193 2050 1231 2084 et
1254 2045 1388 2085 Tokat
1411 2044 1653 2101 (Gundelsh.
1678 2047 1717 2084 in
1742 2047 1877 2085 Willd.

197 2109 290 2147 herb
306 2109 346 2157 l),
372 2107 410 2144 in
433 2107 673 2155 rupestribus
696 2106 811 2144 siccis
835 2106 1026 2144 montanis
1050 2106 1173 2155 Syriae
1202 2105 1459 2144 occidentalis
1484 2110 1523 2145 et
1550 2105 1761 2156 Cataoniae‚
1788 2105 1877 2143 Ak-

198 2167 312 2216 dagh,
344 2164 622 2277 Boelagidagh,
648 2165 846 2214 Bozdagh,
872 2165 910 2202 in
935 2165 1131 2203 montibus
1163 2176 1282 2213 supra
1305 2164 1461 2214 Karput
1487 2169 1524 2204 et
1555 2165 1660 2204 circa
1696 2164 1878 2204 Marasch

201 2225 394 2276 (Hausskl
428 2254 436 2263 .
497 2225 521 2262 l.
584 2227 659 2272 ept.

259 2293 396 2331 Facies
420 2292 719 2341 praecedentium
753 2303 776 2328 a
808 2293 948 2340 quibus
973 2292 1104 2331 differt
1136 2291 1262 2330 forma
1295 2292 1468 2330 dentium
1505 2292 1653 2342 ealyeis
1678 2294 1718 2330 et
1738 2291 1879 2341 petalis

200 2352 422 2390 linearibus.
447 2352 620 2390 Bracteae
643 2350 693 2389 ad
728 2350 840 2389 basin
878 2352 1014 2391 florum
1049 2363 1111 2390 ex.
1147 2352 1197 2390 cl.
1223 2351 1343 2389 Fenzl
1376 2352 1678 2402 numerosiores,
1704 2351 1776 2389 sed
1798 2348 1880 2389 haee

201 2415 293 2449 nota
315 2410 511 2449 variabilis
537 2413 596 2448 est
627 2413 665 2448 et
689 2421 737 2448 ex
769 2410 991 2450 evolutione
1025 2410 1116 2460 plus
1147 2410 1273 2449 minus
1306 2410 1485 2460 perfecta
1514 2410 1675 2461 capituli
1709 2409 1880 2459 pendere

202 2469 369 2508 videtur.

261 2608 283 2629 ἥ
321 2608 340 2630 ²⁶
373 2608 483 2646 Folia
506 2608 684 2647 coriacea
716 2608 1188 2660 canaliculato-triquetra
1223 2623 1387 2650 acetosa
1410 2609 1672 2660 persistentia.
1699 2608 1823 2659 Calyx

824 2669 1250 2717 oblongo-turbinatus.

264 2786 325 2829 A.
357 2785 755 2829 crassifolium
792 2786 946 2843 (Boiss.
977 2788 1126 2846 Diagn.
1158 2789 1248 2833 Ser.
1279 2790 1323 2844 1,
1362 2790 1404 2844 Ι,
1443 2804 1485 2847 p.
1515 2789 1590 2847 42)
1626 2788 1879 2847 pubescenS‚

208 2843 478 2895 fruticosum,
519 2843 648 2886 ramis
683 2844 833 2887 erectis
868 2845 1133 2902 simplicibus
1170 2849 1232 2892 vel
1269 2862 1452 2906 superne
1480 2848 1654 2892 ramulis
1680 2846 1883 2905 oppositis

210 2901 365 2954 auctis,
402 2901 511 2944 foliis
539 2903 875 2959 erecto-patulis
902 2917 924 2947 e
959 2905 1050 2948 basi
1077 2906 1217 2950 latiori
1244 2907 1428 2951 breviter
1452 2905 1722 2955 lanceolatis.
1752 2904 1884 2949 axillis
