2021 3235
1019 127 1076 171 48

262 228 365 266 Hab.
401 227 439 265 in
483 226 678 264 montibus
716 224 861 263 Persiae
901 224 1103 262 orientalis
1138 235 1262 273 prope
1301 223 1409 262 Yezd
1455 222 1505 261 ad
1557 234 1701 271 pagum
1748 220 1897 260 Mehris

206 280 353 339 (Buhse
373 281 382 325 ῐ
400 287 426 336 ).
454 286 513 323 Fl.
538 286 654 323 Maio.

265 355 404 392 Planta
427 352 454 394 6
478 350 532 393 18
555 351 767 401 pollicaris‚
792 350 1001 399 pedunculi
1028 349 1104 390 25
1129 349 1358 399 pollicares,
1384 350 1502 387 flores
1525 349 1685 398 magnit.
1714 347 1761 386 R.
1791 347 1898 386 auri-

204 415 303 452 comi
326 414 487 463 squama
516 411 677 450 basilari
699 422 828 459 ungue
857 408 1089 459 angustiori.
1116 408 1176 448 Ob
1202 409 1376 457 carpella
1407 413 1561 446 matura
1586 420 1662 446 non
1687 411 1786 445 nota
1815 408 1899 444 affi-

206 474 308 512 nitas
335 472 543 511 subdubia.
844 480 847 481 ’

263 611 324 654 Β.
368 609 614 654 Cassius
654 605 806 663 (Boiss.
850 604 960 646 Ann.
992 603 1057 647 Sc.
1090 607 1185 646 Nat.
1230 602 1361 657 1841,
1401 617 1498 660 pag.
1540 602 1642 658 354)
1679 609 1790 646 totus
1829 602 1903 645 ad-

206 682 351 726 presse
380 667 824 721 sericeo—argenteus,
855 662 1090 705 rhizomate
1124 661 1380 705 horizontali
1418 662 1567 704 subtus
1600 661 1731 704 fibras
1768 660 1903 718 cylin-

206 727 346 771 dricas
364 725 506 769 edenti
524 723 758 768 lateraliter
775 722 820 765 in
838 722 1033 764 surculos
1051 721 1202 763 breves
1221 719 1507 763 horizontales
1525 734 1691 763 crassos
1712 719 1901 777 squamis

208 786 365 829 villosis
398 783 569 827 vestitos
614 780 816 834 abeunti,
855 780 974 823 caule
1018 793 1198 836 procero
1228 778 1477 833 multiss0r0‚
1507 779 1618 822 foliis
1644 778 1903 822 radicalihus

211 844 373 888 ambitu
417 839 815 899 ovato-pentagonis
849 838 1031 881 trisectis
1073 837 1304 894 segmentis
1346 837 1388 880 in
1430 837 1606 881 lacinias
1649 838 1905 881 lanceolalas

211 909 354 947 acutas
382 901 537 944 incisas
564 899 730 957 partitis
756 897 971 941 terminali
990 896 1253 953 petiolulato‚
1282 896 1535 953 pedunculis
1563 897 1788 950 teretibus,
1816 910 1906 940 car-

211 961 331 1019 pellis
364 960 496 1003 ovatis
526 956 935 1016 plano-compressis
977 955 1312 1012 submarginatis
1339 955 1383 997 in
1420 962 1607 998 rostrum
1641 956 1905 1012 triangulare

211 1022 338 1064 breve
366 1025 531 1062 rectum
560 1016 787 1060 attenuatis
824 1023 861 1064 26
878 1050 885 1057 .

270 1091 371 1128 Hab.
393 1090 431 1127 in
455 1088 625 1127 humidis
651 1086 844 1125 montanis
870 1085 1066 1123 Anatoliae
1090 1097 1212 1134 propo
1239 1084 1400 1123 Amasia
1424 1079 1628 1140 (Wied!)‚
1661 1084 1907 1134 Pamphyliae

216 1142 424 1202 (Ponam),
452 1147 645 1186 Armeniae
668 1147 716 1184 ad
742 1145 843 1193 Ispir
867 1138 1065 1198 (Bourg!)
1092 1149 1130 1183 et
1155 1145 1192 1182 in
1219 1148 1351 1182 monte
1383 1145 1632 1194 Bing'oldagh
1667 1146 1733 1184 alt.
1767 1141 1905 1186 6000’

216 1209 308 1263 (Ky.
337 1208 473 1259 Suppl.
501 1200 610 1247 755!
629 1208 656 1255 ).
693 1205 838 1243 Ciliciae
871 1206 976 1244 circa
1012 1204 1140 1243 Gulek
1167 1196 1323 1257 (Ball),
1350 1204 1472 1254 Syriae
1507 1205 1611 1243 cirea
1634 1205 1788 1254 Aleppo
1811 1205 1906 1254 (Ky.

213 1281 296 1307 exs.
323 1263 477 1319 1841),
503 1268 551 1305 ad
579 1266 722 1304 Aintab
749 1268 786 1303 et
809 1265 909 1303 inter
934 1265 1002 1302 Bir
1035 1269 1073 1302 et
1098 1264 1211 1303 Nisib
1246 1258 1447 1319 (Hausskl
1467 1269 1500 1313 )‚
1538 1276 1663 1314 prope
1693 1265 1908 1314 Berythum

213 1328 335 1378 (Gaill
352 1327 361 1367 !
378 1328 405 1379 )‚
435 1329 539 1367 circa
563 1327 715 1364 Bludan
738 1325 954 1363 Antilibani
978 1319 1077 1379 (Ky.
1106 1337 1187 1363 exs.
1214 1322 1344 1373 1855,
1370 1331 1414 1362 n0
1445 1322 1504 1365 46
1523 1322 1568 1377 l).
1594 1325 1655 1363 Fl.
1690 1326 1767 1363 fine
1788 1326 1908 1365 veris,

273 1397 430 1435 Pedalis
453 1399 675 1444 argenteus,
704 1393 877 1441 insignis⁴
894 1393 1060 1432 surculis
1086 1394 1307 1442 squamosis
1326 1405 1430 1442 saepe
1457 1393 1602 1441 pollice
1627 1394 1909 1433 crassioribus.

292 1549 353 1592 R.
396 1548 554 1592 acris
581 1546 652 1593 (L.
689 1544 758 1602 Sp.
802 1543 884 1600 79)
914 1544 1007 1600 plus
1045 1543 1187 1586 minus
1230 1543 1430 1598 villosus,
1466 1544 1701 1588 rhizomate
1737 1544 1911 1602 obliquo

218 1620 454 1664 praemorso
483 1606 533 1648 ad
568 1605 721 1648 collum
757 1606 882 1660 parce
910 1603 1096 1656 fibroso,
1127 1602 1237 1646 soliis
1270 1602 1527 1646 radicalibus
1562 1603 1724 1646 ambitu
1762 1610 1910 1647 rotun-

218 1664 593 1722 dato-pentagonis
625 1663 651 1706 3
678 1664 741 1706 vel
774 1662 800 1704 5
827 1661 993 1719 partitis
1034 1661 1336 1718 partitionibus
1380 1669 1500 1705 acute
1542 1662 1908 1716 inciso-dentatis,

220 1724 472 1782 pedunculis
506 1723 734 1775 teretibus,
764 1720 962 1778 carpellis
994 1720 1402 1777 plano-compressis
1429 1721 1562 1764 ovatis
1589 1721 1840 1778 marginatis
1867 1721 1911 1764 in

220 1792 407 1826 rostrum
439 1782 500 1826 eis
532 1781 658 1838 triplo
686 1780 856 1824 brevius
883 1794 905 1822 e
932 1779 1023 1822 basi
1051 1779 1408 1822 late—uncinatum
1445 1780 1703 1823 abeuntibus
1741 1788 1803 1829 26.
1852 1781 1906 1823 Ic.

218 1842 338 1898 Engl.
370 1842 457 1885 bot.
483 1841 570 1884 tab.
601 1839 701 1883 6502.
734 1839 865 1882 Rchh.
898 1839 969 1895 fig.
1006 1837 1136 1882 4605.
1168 1838 1220 1881 R.
1250 1837 1421 1882 Sceveni
1448 1839 1562 1882 Bess.

278 1914 378 1951 Hab.
405 1915 442 1951 in
477 1913 652 1950 Thracia
678 1911 810 1963 (Friv.
837 1922 885 1948 ex
911 1909 1110 1960 Griseb.),
1141 1909 1291 1947 Tauria
1325 1914 1363 1948 et
1401 1910 1577 1949 Caucaso
1615 1908 1678 1962 (ex
1715 1910 1799 1948 ΜΒ.
1842 1910 1911 1949 sed

217 1973 363 2011 Steven
385 1984 471 2011 eum
494 1983 702 2020 numquam
733 1971 772 2008 in
797 1970 947 2007 Tauria
970 1969 1098 2019 vidit).
1121 1969 1182 2007 Fl.
1210 1969 1369 2007 ineunte
1390 1974 1473 2008 aest.

277 2037 395 2078 Arca
420 2038 585 2090 Geogr.
613 2039 775 2087 Europa
796 2037 968 2076 borealis
992 2041 1031 2075 et
1055 2037 1196 2075 media.
1223 2037 1378 2076 Sibiria.

277 2194 338 2238 R.
367 2195 766 2250 lanuginosus
796 2194 860 2250 (L.
892 2193 962 2252 Sp.
995 2193 1098 2252 779)
1128 2201 1239 2238 totus
1265 2193 1362 2251 pilis
1387 2194 1439 2237 ad
1476 2196 1640 2239 caulem
1668 2202 1709 2238 et
1734 2195 1914 2254 petiolos

218 2252 372 2310 patulis
413 2253 477 2296 vel
520 2252 686 2296 reflexis
722 2253 919 2307 villosus,
956 2253 1188 2297 rhizomate
1222 2252 1397 2310 obliquo
1433 2260 1629 2297 truncato
1671 2254 1723 2297 ad
1759 2254 1915 2298 collum

218 2311 442 2365 fibrilloso,
475 2312 594 2355 caule
622 2312 754 2366 elato,
782 2312 895 2355 foliis
922 2311 1181 2355 radicalibus
1207 2311 1370 2355 ambitu
1398 2312 1915 2370 orbiculato-pentagonis

221 2370 444 2427 tripartitis
486 2370 789 2428 partitionibus
828 2371 911 2414 late
944 2370 1134 2414 obovatis
1171 2378 1293 2414 acute
1334 2370 1487 2414 trifidis
1520 2371 1813 2429 dentatisque,
1841 2386 1915 2429 pe-

214 2429 413 2473 dunculis
450 2429 636 2484 striatis‚
665 2429 861 2487 carpellis
887 2429 1295 2487 plano-compressis
1321 2430 1511 2473 obovatis
1543 2430 1796 2486 marginatis
1823 2444 1915 2474 ros-

217 2495 281 2531 tro
299 2487 359 2531 eis
377 2487 555 2532 dimidio
578 2487 766 2531 breviori
787 2488 905 2532 valde
922 2488 1123 2532 uncinato
1151 2488 1331 2545 abrupte
1348 2488 1588 2533 terminatis
1615 2496 1652 2539 26
1669 2524 1676 2531 .
1699 2489 1755 2532 Ic.
1778 2489 1911 2533 Rchb.

216 2546 288 2603 fig.
319 2545 448 2590 4609.
490 2546 589 2590 loon
625 2546 686 2589 Fl.
723 2547 858 2590 Graec.
890 2547 975 2591 tab.
1012 2546 1098 2590 519
1135 2546 1311 2591 omnino
1338 2547 1448 2591 hanc
1491 2548 1675 2605 speciem
1713 2548 1916 2592 exhibere

216 2605 384 2648 videtur
410 2612 568 2662 praeter
594 2605 788 2649 rhizoma
816 2619 997 2649 erronee
1025 2612 1185 2649 rectum
1215 2605 1446 2663 depictum.

274 2677 376 2715 Hab.
401 2678 438 2715 in
461 2677 669 2726 umbrosis,
696 2676 850 2716 Graecia
873 2677 1043 2716 borealis
1069 2668 1143 2728 (ex‘
1166 2675 1313 2729 Sibth),
1338 2677 1572 2716 Macedonia.
1609 2690 1733 2728 prope
1771 2677 1917 2716 Bitolia

218 2734 423 2789 (Orphl),
458 2737 615 2775 Tauriae
652 2740 805 2776 montes
830 2733 996 2789 (Stev.),
1031 2735 1231 2775 Caucasus
1255 2736 1358 2788 (ΜΒ.
1392 2732 1632 2792 O.A.Mey.).
1667 2737 1727 2778 Fl.
1760 2738 1917 2777 ineunte

206 2799 305 2835 ‘aest.

279 2860 356 2902 Ar.
379 2861 542 2912 Geogr.
569 2862 731 2912 Europa
757 2863 931 2901 borealis
956 2866 995 2902 et
1017 2862 1159 2902 media.
1188 2862 1317 2902 Italia.
