2021 3235
1033 111 1117 155 686

224 220 327 249 num
354 219 558 257 numero,
588 205 824 261 petalorum
853 218 950 247 cum
978 204 1119 261 calyce
1148 203 1450 261 proportione,
1481 205 1635 262 calycis
1663 212 1702 248 et
1729 207 1913 263 capsulae

227 266 364 308 forma
391 271 432 307 et
456 263 722 319 longitudino
751 263 857 305 mire
885 262 1067 305 varians.
1099 262 1274 306 Formas
1302 263 1438 319 magis
1464 264 1672 307 notabiles
1690 279 1714 307 a
1740 265 1914 319 grandi-

226 324 343 366 ssoris
384 324 435 366 ad
478 322 737 365 micranthas
779 335 987 364 enumero
1029 335 1209 364 monens
1252 336 1321 365 eas
1355 322 1623 365 intermediis
1665 323 1915 380 conjunctas

227 397 335 426 6889.

285 478 326 501 α.
357 456 558 512 yenuc'na.
590 454 769 506 Glabra,
799 453 959 504 effusa,
1001 453 1099 496 solia
1128 453 1337 509 rigidula,
1366 453 1561 510 pedicelli
1590 455 1726 512 calyce
1753 455 1914 512 pluries

225 514 456 571 longiores,
485 514 623 571 petala
650 513 790 569 calyce
819 511 1113 565 subbreviova,
1142 511 1322 555 stamina
1348 512 1504 569 saepius
1530 512 1584 556 40
1601 549 1610 566 ,
1646 515 1816 570 capsula
1843 528 1912 557 ca—

226 575 314 631 lyce
341 573 525 630 longior.
558 571 690 613 Rchb.
722 570 792 627 fig.
824 570 954 614 4916.

284 644 383 681 Hab.
420 644 456 681 in
495 642 671 680 arenosis
704 641 919 688 praesertim
956 642 1149 679 montanis
1189 640 1390 690 Graeciae!‚
1429 641 1619 680 Anatoliae
1661 643 1697 679 in
1729 643 1915 692 Bithynia

225 700 443 756 (Grisebl),
471 702 596 751 Lycia
620 698 827 753 (Bourgl),
858 701 1007 738 Tauria
1033 704 1069 737 et
1102 701 1281 738 Caucaso
1308 695 1468 751 <MB!),
1494 701 1609 750 Syria
1633 702 1672 738 in
1698 702 1852 741 Libano
1877 706 1915 740 et

223 763 272 799 ad
300 763 535 800 Damascum
559 760 678 812 (Gaill
697 758 738 810 !),
767 760 974 808 Affghania
1000 752 1178 814 (Gi-iffl).
1207 761 1267 798 Fi.
1297 772 1399 798 vere.

280 836 326 889 β.
357 833 657 889 macropetala.
688 832 852 883 Effusa,
883 832 1140 886 divaricata,
1176 832 1275 875 folia
1301 832 1514 885 flexuosa,
1553 832 1746 890 pedicelli
1773 834 1913 890 calyce

223 893 377 950 saepius
405 893 517 935 hirto
545 891 704 948 plurios
721 891 951 947 longiores,
973 892 1110 947 petala
1127 892 1314 948 calycem
1337 891 1550 948 aequantia
1567 892 1628 934 vel
1648 892 1910 948 superantia,

223 952 403 995 stamina
444 951 598 1007 saepius
642 949 696 993 10
740 950 930 993 antheris
971 949 1204 1006 saepissime
1246 950 1470 1003 violaceis,
1515 951 1686 1007 capsula
1726 952 1912 1008 calycem

221 1024 412 1067 aequans.
442 1010 494 1053 A.
526 1010 787 1066 Mesoyt'tana
815 1008 949 1052 Boiss.
981 1008 1130 1062 Diagn.
1161 1008 1251 1051 Ser.
1283 1009 1321 1062 l,
1352 1009 1386 1062 I,
1415 1022 1455 1065 p.
1486 1008 1558 1051 45.

280 1083 378 1119 Hab.
407 1083 443 1118 in
482 1082 672 1128 glareosis
704 1081 896 1117 montanis
937 1080 1131 1117 Anatoliae
1169 1081 1206 1116 in
1245 1084 1374 1118 monte
1404 1080 1555 1128 Mesogi
1595 1093 1714 1129 supra
1753 1081 1910 1119 Tralles

221 1141 369 1191 (Boissl
386 1143 423 1189 )‚
454 1142 490 1178 in
516 1141 694 1178 arenosis
721 1141 923 1177 maritimis
946 1140 995 1176 ad
1020 1140 1163 1177 Adalia
1185 1139 1426 1188 Pamphyliae
1450 1138 1607 1192 (Heldr!
1626 1140 1657 1190 ),
1683 1141 1720 1178 in
1748 1141 1912 1179 collibus

221 1201 269 1237 ad
293 1201 446 1249 Aleppo
476 1200 554 1249 xKy
579 1212 658 1237 exs.
684 1198 789 1238 157!
817 1196 1031 1250 Hausski),
1059 1199 1108 1236 ad
1133 1199 1347 1247 Berythum
1373 1204 1411 1237 et
1434 1199 1620 1238 Sidonem
1645 1200 1730 1250 (Bll
1750 1196 1910 1254 Gauii),

221 1261 257 1297 in
287 1260 495 1298 Palaestina
516 1259 649 1304 (Boiss
667 1257 708 1309 1).

279 1353 318 1392 y.
352 1335 616 1373 mucronata.
648 1328 817 1380 Stricta,
847 1328 1001 1385 saepius
1018 1328 1183 1384 glabra,
1214 1328 1312 1371 folia
1328 1327 1565 1382 flaccidula,
1596 1329 1912 1373 intlorescentia

220 1397 438 1433 contracta
464 1388 596 1446 cymis
623 1387 924 1431 confertissoris
943 1394 982 1430 et
999 1386 1217 1444 pedicellis
1244 1387 1463 1440 brevibus,
1493 1388 1635 1444 sepala
1660 1388 1774 1431 hirta
1791 1388 1911 1430 valde

222 1449 463 1491 acuminata
490 1461 695 1490 mucrone
723 1447 939 1489 interdum
966 1445 1162 1503 obliquo,
1194 1446 1374 1489 stamina
1401 1445 1557 1502 saepius
1583 1446 1740 1503 quina,
1775 1446 1911 1502 petala

221 1508 360 1565 calyce
387 1506 464 1550 'va-3
491 1508 560 1563 plo
587 1505 782 1548 breviora
808 1505 1025 1548 iuterdum
1044 1505 1172 1547 nulla.
1193 1505 1246 1547 A.
1267 1510 1520 1548 mucronata
1535 1504 1669 1548 Sibth.
1692 1505 1752 1548 Fl.
1773 1505 1907 1548 Graec.

220 1566 305 1608 tab.
338 1565 423 1609 ⁶293
448 1579 533 1608 non
561 1565 682 1607 alior.
704 1590 761 1596 ——
787 1564 839 1606 A.
872 1563 1100 1620 tenuisolia
1134 1576 1222 1606 var.
1252 1564 1477 1606 maritima
1512 1563 1644 1607 Boiss.
1686 1572 1726 1607 et
1761 1563 1905 1607 Heldr.

221 1623 371 1680 Diagn.
410 1624 499 1667 Ser.
533 1624 565 1677 I,
594 1623 703 1677 Vlll,
734 1637 775 1680 p.
806 1621 878 1665 95.
898 1648 954 1652 —
981 1621 1037 1665 A.
1065 1622 1256 1678 conserta
1280 1622 1439 1665 Jordan
1468 1621 1572 1679 Pug.

280 1696 380 1734 Hab.
421 1697 458 1733 in
497 1697 657 1743 regione
697 1694 872 1732 inferiori
914 1693 1103 1731 Pentelici
1138 1698 1175 1730 et
1206 1694 1389 1731 Parnassi
1430 1691 1586 1743 (Heldr.
1621 1693 1729 1731 herb.
1769 1693 1907 1732 Norm.

219 1749 364 1806 6081),
392 1755 579 1804 Argolide
606 1753 805 1804 (Sprunl),
832 1753 869 1790 in
898 1753 1099 1790 maritimis
1127 1751 1251 1790 Cretae
1276 1751 1416 1802 (Heldr
1441 1750 1482 1806 1),
1509 1752 1704 1790 Anatoliae
1727 1752 1902 1802 (Sibth.).

220 1815 344 1864 Syriae
367 1815 547 1852 littoralis
576 1814 635 1864 (Bl
655 1813 695 1863 1).

281 1888 319 1930 ὃ.
345 1885 626 1942 Orpham'dis.
648 1884 805 1937 Effusa,
825 1882 1223 1939 glanduloso-hirta,
1244 1883 1343 1926 folia
1365 1882 1614 1926 brevissima
1632 1883 1907 1937 subrecurva,

219 1944 414 2002 pedicelli
453 1943 658 2000 elongati,
698 1941 880 1986 stamina
906 1941 978 1994 40,
1006 1942 1145 1998 petala
1171 1948 1291 1984 ovata
1325 1942 1467 1999 calyce
1503 1941 1656 1984 triente
1692 1942 1906 1995 breviora,

219 2005 390 2060 capsula
417 2003 555 2060 calyce
583 2002 734 2044 triente
759 2000 940 2056 longior.
972 2000 1024 2042 A.
1048 1999 1312 2056 orphanidzfs
1329 2001 1460 2043 Boiss.
1482 1999 1631 2056 Diagn.
1663 1999 1739 2043 Ser
1776 2000 1828 2054 ΙΙ,
1858 2000 1905 2054 V,

277 2132 379 2169 Hab.
405 2131 442 2167 in
467 2131 741 2179 Peloponneso
763 2128 812 2166 ad
837 2128 1012 2166 Vostitza
1034 2122 1162 2176 (Orph
1178 2126 1227 2176 1).

277 2226 310 2250 ε.
341 2204 513 2247 viscosa.
544 2202 696 2246 Stricta
722 2202 815 2258 plus
842 2200 984 2243 minus
1011 2201 1259 2257 glandulosa
1276 2236 1285 2253 ,
1323 2200 1452 2244 flores
1480 2201 1689 2253 minoreS,
1725 2200 1907 2244 stamina

217 2263 371 2321 saepius
394 2262 436 2314 5,
466 2263 637 2319 capsula
664 2260 792 2318 calyci
813 2259 1151 2316 subaequilonga.
1181 2258 1234 2301 A.
1259 2259 1417 2302 viscosa
1440 2259 1615 2303 Schreb.
1637 2258 1747 2316 Spic.
1769 2259 1901 2302 Rchb.

217 2322 288 2379 fig.
319 2320 449 2365 4917.
470 2347 527 2352 —
553 2320 604 2363 A.
637 2319 821 2377 hybrida
846 2318 965 2361 Jord.
998 2318 1100 2374 Pug.
1132 2331 1173 2374 p.
1204 2316 1275 2360 33.

276 2393 376 2430 Hab.
401 2392 438 2428 in
463 2390 656 2428 montanis
681 2388 855 2432 Graeciae,
884 2388 1080 2425 Parnasso
1104 2391 1142 2425 et
1170 2386 1323 2424 Malevo
1351 2387 1509 2437 (Heldrl
1538 2386 1712 2438 Orphi),
1735 2386 1908 2426 Thracia

216 2450 431 2500 (Grisebt),
456 2450 651 2488 montibus
678 2448 823 2486 Lassiti
849 2447 973 2485 Cretae
993 2446 1131 2498 (Heldr
1146 2441 1190 2500 1),
1212 2445 1387 2495 Phrygia
1412 2446 1499 2497 (Bal
1516 2448 1556 2495 1),
1580 2444 1905 2498 Lycia(Held1-!),

213 2511 347 2548 Tauro
373 2509 535 2548 Cilicico
568 2505 657 2562 (Bal
673 2501 729 2562 i),
754 2507 880 2545 insula
905 2506 1079 2544 Ohustan
1103 2517 1225 2554 prope
1251 2505 1456 2554 Smyrnam
1479 2505 1579 2557 (Bal.
1606 2517 1686 2544 exe.
1711 2503 1798 2545 115
1833 2506 1904 2544 sub

216 2569 260 2607 A.
287 2570 438 2608 subtili.

285 2649 321 2694 ζ.
343 2641 495 2698 Lydia.
526 2639 683 2691 Effusa,
712 2652 824 2694 saepe
841 2636 1088 2690 divaricata,
1116 2635 1280 2692 glabra,
1309 2635 1435 2679 flores
1461 2636 1597 2694 parvi,
1626 2637 1741 2694 calyx
1760 2636 1907 2692 glaber

214 2701 278 2744 vel
304 2700 596 2757 glandulosus‚
626 2696 808 2740 stamina
835 2695 989 2752 saepius
1016 2694 1061 2748 5„
1092 2695 1227 2751 petala
1253 2695 1393 2752 calyce
1411 2694 1475 2738 vix
1490 2695 1704 2748 breviora,
1733 2695 1905 2752 capsula

216 2760 399 2817 calycem
425 2770 614 2815 aequans.
644 2755 695 2798 A.
728 2754 866 2812 Lydia
893 2753 1026 2797 Boiss.
1049 2753 1197 2809 Diagn.
1228 2752 1318 2796 Ser.
1349 2753 1402 2807 II,
1434 2753 1467 2808 1,
1495 2768 1536 2811 p.
1568 2752 1639 2797 86.

274 2830 374 2867 Hah.
400 2828 438 2865 in
465 2827 657 2865 montibus
681 2825 732 2863 ad
755 2824 961 2873 Smyrnam
988 2821 1172 2874 (Boiss!)‚
1200 2827 1331 2861 monte
1356 2822 1517 2872 Solyma
1538 2823 1671 2872 Lyciae
1693 2815 1857 2874 (Heldri
1879 2826 1903 2871 )‚

210 2889 377 2928 collibus
402 2885 641 2934 Pamphyliae
664 2883 821 2935 (Heldrl
840 2877 882 2934 !)‚
909 2887 1038 2920 monte
1062 2882 1214 2920 Elvend
1238 2882 1384 2920 Persiae
1411 2881 1552 2935 (Auch.
1582 2894 1663 2921 exs,
1691 2879 1840 2933 6021).
