2021 3235
1015 128 1100 173 89⁴5

276 226 376 265 Hah.
402 227 440 264 in
466 226 631 264 desertis
663 226 830 276 AEgypti
869 226 1065 264 inferioris
1091 226 1247 271 (For-sk.
1278 226 1404 265 Wiest
1438 240 1518 266 exs.
1551 225 1657 270 582!
1679 225 1720 284 ),
1748 231 1906 270 Arabiae

218 286 366 324 Petrcae
401 286 597 335 (Schimp.
629 297 709 323 exs.
744 282 855 325 1971
885 284 1020 323 Boiss!
1049 285 1090 333 ),
1127 285 1301 334 Assyriae
1335 287 1382 323 ad
1418 287 1565 326 Mossul
1590 287 1713 341 (Nost
1737 290 1772 342 ),
1813 291 1913 329 inter

220 346 365 384 Mossul
391 352 429 383 et
452 346 615 394 Bagdad
643 343 747 397 <oliv
766 346 808 396 1,).
834 346 893 382 Fl.
920 356 1026 382 vere.

280 414 419 451 Facies
443 413 488 451 E.
515 413 773 461 bryonioefolz'z‘
797 412 866 450 sed
891 411 1002 449 radix
1024 422 1158 448 crassa
1183 412 1378 459 perennis,
1398 411 1493 450 folia
1518 415 1809 461 glabrescentia
1824 429 1908 455 car-

220 485 319 510 nosa
343 474 466 510 minus
492 474 614 510 incisa
636 486 682 509 ea
703 472 843 510 Salvioe
865 471 1084 509 verbenacae
1108 469 1341 519 referentia,
1370 472 1501 510 caules
1527 474 1796 513 ramosissimi.

869 628 890 649 ἦ
924 628 946 649 ³*
980 628 1018 664 M
1023 628 1272 675 onocarpica.

278 762 837 819 E.10ryoniaefolium
881 760 1032 815 (Boiss.
1064 759 1212 815 Diagn.
1243 758 1332 801 Ser.
1371 760 1412 812 l,
1454 759 1495 811 l,
1535 772 1574 815 p.
1614 758 1688 816 61)
1718 761 1915 804 caulibus

221 821 599 880 procumbentibus
627 819 811 861 breviter
838 826 877 861 et
905 824 1139 860 retrorsum
1168 817 1438 870 tomenlellis,
1467 817 1578 860 soliis
1606 817 1810 875 utrinque
1840 821 1915 862 ad-

220 896 365 938 presse
393 881 555 923 sericeo
573 905 590 910 -
609 878 798 934 argyreis
827 876 1083 919 radicalibus
1117 876 1364 933 subplicatis
1405 875 1734 919 cordato-ovatis
1767 877 1916 921 obtuse

222 940 405 983 crenatis
432 937 621 981 indivisis
650 937 708 978 vel
728 935 936 978 trilobatis
954 942 1025 977 aut
1045 934 1265 990 tripartitis
1286 934 1384 977 lobo
1402 934 1613 991 superiori
1633 948 1744 991 saepe
1763 935 1915 989 inciso,

222 999 331 1041 foliis
359 996 650 1054 superioribus
678 993 898 1037 diminutis
926 992 1090 1035 acutius
1110 992 1260 1035 lobatis
1279 991 1512 1049 partitisve,
1544 992 1796 1049 pedunculis
1815 994 1916 1037 sub-

222 1057 396 1100 trissoris
423 1054 636 1112 pedicellis
665 1051 925 1095 brevissimis
943 1051 1133 1103 deflexis,
1164 1050 1347 1094 bracteis
1365 1051 1542 1094 minutis
1560 1051 1915 1107 triangularibus,

223 1115 375 1173 scpalis
403 1115 531 1156 dense
571 1111 815 1155 tomentosis
855 1109 1143 1162 mucronatis,
1188 1109 1338 1166 petalis
1376 1110 1510 1152 roseis
1546 1109 1740 1164 oblongis
1777 1111 1917 1168 calyce

223 1172 592 1228 sublongioribus,
628 1170 855 1212 filamentis
892 1168 1109 1211 sterilibus
1147 1167 1266 1224 apice
1302 1167 1553 1224 penicillatis
1588 1168 1801 1211 fertilibus
1827 1169 1917 1213 basi

220 1232 414 1288 oblongis
440 1230 591 1273 ciliatis
625 1227 936 1271 subbidentatis
979 1226 1096 1283 apice
1136 1226 1403 1279 lanceolatis,
1432 1225 1605 1269 valvulis
1647 1226 1765 1283 apice
1806 1227 1918 1285 plica

217 1290 426 1334 destitutis
463 1297 523 1338 36.
555 1288 607 1329 E.
640 1286 960 1343 Kolschyanum
988 1285 1158 1328 Koechel
1186 1285 1229 1327 in
1256 1285 1312 1341 pl.
1346 1284 1515 1327 Kotsch.

278 1354 378 1391 Hah.
402 1351 439 1389 in
466 1351 629 1389 desertis
652 1349 819 1397 AEgypti
845 1349 894 1385 ad
919 1348 1144 1396 pyramides
1170 1343 1255 1401 (Ky
1281 1359 1364 1385 eXS.
1390 1345 1519 1400 4001)
1546 1347 1690 1384 deserti
1719 1348 1910 1386 Arabico-

224 1412 452 1462 AEgyptiaci
474 1409 688 1447 Thebaidis
720 1400 866 1460 (Hussl
887 1402 921 1461 )‚
948 1407 1035 1455 jugi
1073 1406 1249 1445 Sinaitici
1282 1406 1422 1455 (Auch.
1453 1418 1537 1444 exs.
1573 1403 1711 1445 2087!
1737 1406 1908 1456 Schimp.

224 1485 304 1510 exs.
328 1469 409 1511 201
433 1470 442 1509 l
470 1470 583 1508 Boiss
599 1466 627 1522 l)
643 1498 651 1514 ‚
677 1467 821 1505 Persiae
845 1467 893 1504 ad
920 1466 1104 1503 Teheran
1130 1464 1215 1517 (Ky
1238 1477 1320 1503 exs.
1347 1463 1471 1518 161),
1496 1465 1547 1502 ad
1570 1466 1739 1514 Ispahan
1765 1461 1908 1520 (Auch.

222 1544 303 1569 exs.
329 1528 447 1570 4299
463 1523 472 1568 l
491 1529 518 1580 )‚
544 1528 593 1565 ad
630 1527 803 1565 Kerman
829 1530 867 1563 et
889 1526 998 1563 Yezd
1024 1519 1141 1577 (Bgel
1163 1528 1195 1574 ),
1223 1525 1259 1562 in
1285 1524 1495 1575 Affghania
1523 1523 1723 1576 (Grifft),
1754 1526 1908 1565 Beluts-

223 1591 312 1628 chia
339 1582 517 1640 (Stooksl
539 1582 650 1641 ).F1.
675 1597 779 1623 vere.

280 1651 404 1688 Valde
431 1649 545 1687 affine
570 1645 715 1695 speciei
746 1645 923 1694 sequenti
948 1644 1018 1682 sed
1041 1646 1183 1690 praeter
1209 1647 1320 1681 notas
1346 1643 1538 1682 indicatas
1564 1643 1660 1681 folia
1682 1644 1806 1682 minus
1831 1644 1907 1682 dis-

221 1714 341 1757 secta,
374 1709 503 1758 petala
529 1707 721 1745 breviora.

274 1773 318 1827 β.
352 1772 514 1814 laneum.
544 1769 690 1812 Caules
718 1764 899 1822 elongati
928 1763 1023 1821 pilis
1048 1763 1315 1820 longioribus
1349 1765 1702 1821 patulo-reflexis
1728 1764 1904 1822 hispidi,

219 1830 413 1888 pedicelli
441 1830 579 1886 calyce
606 1825 844 1884 quadruplo
872 1823 1103 1878 longiores.

277 1895 378 1932 Hab.
407 1894 444 1929 in
469 1893 602 1930 Persia
626 1889 786 1926 australi
814 1886 939 1924 Auch.
967 1897 1048 1923 exs.
1075 1882 1195 1924 4296
1212 1878 1263 1934 l).

275 1953 412 1991 Petala
436 1963 512 1990 non
541 1950 640 1997 vidi,
668 1946 836 1985 stamina
857 1945 955 1994 typi.

272 2095 328 2138 Ε.
356 2088 842 2148 oxyrrhynchum
868 2083 970 2139 (ΜΒ.
992 2082 1119 2125 Taur.
1150 2081 1274 2126 Cauc.
1308 2082 1361 2135 II,
1390 2096 1431 2139 p.
1462 2081 1566 2139 133)
1595 2081 1787 2124 caulibus
1804 2094 1902 2137 pro-

214 2151 510 2198 cumbentibus
536 2148 700 2191 minute
727 2152 765 2188 et
792 2143 975 2199 crispule
1004 2140 1249 2198 puberulis,
1279 2140 1388 2183 foliis
1416 2140 1578 2183 ambitu
1606 2139 1800 2195 oblongis
1827 2140 1900 2182 ad-

212 2224 355 2267 presse
383 2206 705 2252 canescentibus
737 2200 1014 2246 inferioribus
1041 2199 1224 2242 cordatis
1251 2198 1435 2242 crenatis
1464 2198 1628 2241 trilobis
1654 2198 1718 2241 vel
1745 2197 1901 2254 tripar-

212 2269 298 2316 titis
341 2267 448 2311 lobis
490 2266 638 2308 obtuse
680 2260 826 2305 incisis
843 2295 852 2313 ,
906 2257 1201 2315 superioribus
1243 2256 1466 2314 tripartitis
1506 2257 1569 2300 vel
1610 2255 1901 2313 pinnatisectis

211 2327 408 2372 dentibus
436 2321 727 2374 acutiusculis,
756 2316 1008 2377 pedunculis
1035 2315 1114 2358 2-4
1132 2316 1267 2370 floris,
1297 2315 1511 2372 pedicellis
1530 2314 1687 2358 fructif.
1709 2313 1897 2367 deflexis,

210 2385 362 2444 sepalis
389 2384 587 2440 adpresse
613 2376 939 2424 canescentibus
964 2375 1230 2418 mucronatis
1257 2373 1538 2428 mucronatis,
1567 2372 1716 2430 petalis
1742 2385 1900 2429 purpu-

210 2445 294 2487 reis
321 2440 509 2486 obovatis
535 2441 675 2496 calyce
703 2432 1132 2493 sesquilongioribus,
1162 2432 1388 2476 filamentis
1415 2430 1661 2475 lanceolatis
1689 2429 1899 2474 fertilibus

211 2504 261 2546 ad
288 2500 475 2544 medium
502 2511 628 2555 parce
656 2494 875 2546 ciliolatis‚
913 2490 1089 2535 valvulis
1126 2490 1244 2547 apice
1278 2490 1388 2547 plica
1413 2493 1652 2533 transversa
1680 2488 1898 2532 instructis

214 2567 260 2613 Θ
291 2561 353 2603 vel
381 2560 450 2614 (2).
482 2556 612 2600 Buxb.
643 2554 758 2598 Cent.
780 2552 836 2606 Il,
863 2566 905 2608 p.
927 2550 1000 2603 41,
1030 2549 1117 2592 tab.
1139 2547 1194 2592 48
1223 2549 1385 2605 (mala).
1416 2548 1470 2591 E.
1501 2553 1720 2605 quttatum
1738 2546 1891 2590 Ledeb.

211 2619 271 2662 Fl.
305 2619 422 2661 Ross.
456 2616 489 2669 l,
517 2629 558 2671 p.
587 2612 673 2657 478
701 2620 741 2656 ct
766 2610 894 2654 herb!
925 2622 1010 2652 non
1037 2621 1102 2651 nc.
1123 2607 1178 2650 E.
1198 2606 1489 2650 Hohenackeri
1515 2606 1670 2649 Ledeb.
1692 2604 1892 2648 F1.R0ss.

213 2678 241 2720 Ι.
272 2676 343 2720 cit.
374 2682 416 2718 et
440 2673 569 2717 herb!

272 2747 373 2785 Hab.
397 2746 435 2783 in
461 2744 625 2783 collibus
651 2747 689 2780 et
713 2740 891 2778 arenosis
925 2739 1066 2783 salsiS‚
1091 2736 1277 2775 Armenia
1311 2737 1479 2775 Rossica
1505 2735 1691 2787 (Kowall
1717 2728 1848 2773 Szow!
1863 2732 1897 2790 >,

214 2806 343 2845 Iberia
367 2803 571 2842 orientalis
597 2802 646 2839 ad
670 2800 826 2838 fluvium
848 2797 992 2847 Cyrum
1022 2793 1150 2848 (MR),
1175 2795 1296 2834 Guria
1322 2800 1359 2834 et
1379 2808 1490 2844 prov.
1512 2795 1701 2834 Schirvan
1727 2793 1892 2847 (Eichw.

216 2864 415 2910 Hohen!)‚
441 2873 553 2910 prOV.
581 2858 822 2908 Adcrbidjan
849 2858 993 2895 Persiae
1019 2857 1103 2894 bor.
1128 2856 1177 2893 ad
1200 2854 1305 2893 Khoi
1329 2847 1520 2907 (Szowl),
1542 2853 1808 2892 Turkestania
1823 2854 1894 2892 bo·

216 2923 332 2962 realis
354 2921 513 2970 (Lehml
532 2920 559 2968 ).
585 2919 649 2957 Fl.
673 2916 913 2964 Mart.-Apr.
