2021 3235
1018 106 1104 150 404

210 198 296 240 lum
314 197 560 242 inferiorem
588 196 867 255 cylindricum
884 196 956 240 2-3
974 197 1040 254 plo
1068 196 1370 253 superantibus
1388 203 1429 240 et
1455 211 1505 240 eo
1522 197 1587 240 vix
1607 198 1898 252 tenuioribus,

210 256 388 300 articulo
432 256 641 313 superiori
685 256 872 299 obsolete
913 263 1072 300 costato
1099 255 1144 298 in
1178 262 1364 298 rostrum
1406 255 1695 313 aequilongum
1736 257 1900 301 abeun-

209 321 239 356 ti
272 321 337 367 Θ.

267 386 369 425 Hab.
395 387 434 424 in
460 387 607 435 campis
632 385 774 424 Atticae
799 384 995 436 (Heldrl).

265 444 340 485 Ar.
373 451 534 496 Geogr.
570 446 788 491 Lusitania,
815 445 1020 494 Hispania,
1051 443 1181 482 Gallia
1205 444 1402 482 australis.

260 599 320 641 R.
348 609 639 654 rugosum
667 597 729 653 (L.
763 596 832 654 Sp.
864 594 950 640 893
976 596 1055 639 sub
1081 595 1276 653 Myayro)
1305 595 1416 639 soliis
1443 596 1702 640 radicalibus
1730 597 1894 656 lyratis,

202 656 418 713 pedicellis
475 655 704 699 fructiferis
755 655 910 699 strictis
952 654 1197 698 incrassatis
1239 655 1416 698 articulo
1456 655 1650 699 inferiori
1689 656 1897 700 obconico

201 715 451 772 aequilongis
470 723 510 758 et
526 714 862 771 angustioribus,
883 713 1057 757 siliculae
1075 713 1198 756 hirtae
1218 713 1279 755 vel
1297 713 1457 769 glabrae
1475 715 1653 758 articulo
1682 715 1896 771 superiori

202 774 524 830 ovato—globoso
552 772 915 829 longitudinaliter
943 771 1115 815 cristato
1142 771 1185 814 in
1223 772 1377 829 stylum
1405 773 1695 830 aequilongum
1722 773 1895 817 abeunti

206 838 270 884 Θ.
303 834 566 890 Rffttyosum
592 833 668 875 All.
702 832 803 875 Ped.
836 831 920 874 tab.
953 830 1025 883 78,
1055 830 1190 873 Rchb.
1222 831 1250 872 f.
1281 829 1412 874 4168.

262 906 361 943 Hab.
388 906 424 941 in
451 905 564 943 cultis
589 905 766 952 Byzantii
792 902 934 954 (Auch.
964 914 1045 940 exs.
1070 900 1154 940 177
1171 901 1178 939 !
1196 900 1227 956 ),
1255 901 1370 950 Syria
1396 903 1590 942 maritima
1614 908 1651 942 et
1676 905 1714 942 in
1743 903 1894 942 Libano

202 962 279 1015 (Bll
306 963 480 1013 Gaium,
517 964 666 1001 Tauria
689 968 726 1001 et
757 975 868 1012 prov,
896 961 1119 1000 Caucasicis
1150 961 1283 1012 (Stevt
1313 961 1579 1013 C.A.Mey!),
1604 964 1749 1001 Persiae
1780 975 1893 1012 prov.

200 1023 431 1061 Khorassan
456 1024 609 1073 (Bunge
626 1017 673 1072 l).

258 1091 304 1142 β.
325 1089 556 1131 clavatum.
588 1087 801 1130 Articulus
818 1085 998 1128 inferior
1024 1084 1230 1141 pedicello
1249 1098 1360 1141 saepe
1377 1084 1563 1140 longior,
1593 1085 1790 1141 superior
1809 1099 1895 1128 ma-

194 1146 265 1202 jor
292 1147 590 1203 subglobosus.
613 1146 845 1203 Myayrztm
862 1145 1077 1187 clavatum
1101 1143 1212 1186 Poir.
1234 1142 1379 1200 Suppl.
1402 1143 1457 1198 ΙΙ,
1476 1157 1517 1200 p.
1538 1142 1608 1186 47.
1639 1144 1894 1201 Rapistrum

199 1206 416 1249 clavatum
443 1218 511 1249 Dc.
543 1204 652 1262 Syst.
683 1204 737 1258 ΙΙ,
767 1217 808 1261 p.
838 1202 940 1246 433.

258 1278 357 1315 Hab.
384 1278 423 1314 in
447 1277 562 1325 Syriai
591 1276 640 1314 ad
667 1276 819 1324 Tripoli
846 1274 1042 1325 (Labilll),
1070 1273 1119 1311 ad
1152 1273 1337 1311 Sidonem
1360 1271 1539 1321 (Gailll).

257 1343 333 1383 Ar.
367 1343 530 1394 Geogr.
566 1344 726 1392 Europa
748 1343 877 1381 media
897 1346 935 1380 et
952 1341 1146 1381 australis

255 1501 316 1543 R.
345 1500 644 1544 Orientale
672 1498 734 1555 (L.
768 1497 837 1554 Sp.
869 1496 972 1554 893)
1015 1497 1125 1541 soliis
1166 1497 1446 1541 inferioribus
1477 1498 1671 1555 oblongis
1698 1498 1889 1542 sinuato-

196 1558 410 1611 ‹lentatis,
460 1557 677 1615 pedicellis
719 1555 947 1599 fructiferis
988 1555 1145 1600 strictis
1186 1556 1432 1600 incrassatis
1474 1557 1653 1601 articulo
1694 1557 1887 1601 inferiori

196 1617 313 1659 brevi
341 1617 572 1674 cylindrico
601 1615 936 1672 angustioribus,
967 1615 1142 1658 siliculae
1170 1616 1329 1671 glabrae
1356 1615 1536 1659 articulo
1564 1616 1776 1673 superiori
1800 1630 1888 1659 ma-

194 1690 277 1731 gno
305 1676 560 1731 subgloboso
586 1675 736 1717 obtuse
763 1674 935 1717 cristato
962 1673 1212 1717 brevissime
1239 1681 1421 1717 rostrato
1444 1680 1510 1727 Θ.
1543 1675 1711 1718 Bum‘as
1728 1674 1887 1732 rapha-

193 1735 347 1791 nisolia
373 1734 506 1777 Sibth.
539 1734 599 1776 Fl.
631 1733 765 1777 Graec.
796 1733 880 1776 tab.
912 1732 1011 1775 61⁹2.

256 1805 354 1843 Hab.
380 1805 417 1842 in
445 1805 557 1843 cultis
592 1804 855 1851 Peloponnesi
880 1803 1021 1850 (Sibth.
1046 1799 1204 1854 Boryl),
1233 1801 1374 1841 Atticae
1398 1802 1436 1840 in
1461 1802 1617 1842 Oliveto
1642 1801 1805 1856 (Serti),
1833 1804 1887 1841 in-

196 1865 365 1902 sularum
391 1864 508 1902 Creta
531 1867 568 1901 et
593 1863 692 1901 Melo
716 1860 882 1914 (Simu).

254 1932 287 1968 A
313 1931 548 1979 praecedenti
587 1930 716 1967 differt
748 1929 875 1967 forma
910 1929 1110 1977 foliorum,
1136 1927 1297 1966 floribus
1321 1928 1537 1978 majoribus
1567 1930 1720 1967 intense
1745 1929 1857 1968 flavis
1873 1960 1883 1980 ‚

194 1991 360 2028 articulo
379 1990 582 2040 superiore
609 1989 726 2037 duplo
752 1989 913 2038 majore.

621 2143 876 2192 DlDESMUS
910 2143 1000 2203 (Dc.
1038 2144 1142 2205 Syst.
1176 2143 1231 2198 11,
1268 2157 1308 2204 p.
1345 2141 1464 2203 657).

248 2277 367 2334 Calyx
395 2282 535 2319 rectus
562 2274 909 2330 subbigibbosus.
941 2273 1082 2317 petala
1113 2273 1291 2317 obovata
1324 2271 1615 2329 unguiculata.
1646 2271 1881 2318 Filamenta

190 2336 323 2379 libera
366 2335 577 2378 edentula.
623 2332 782 2390 Siliqua
809 2333 991 2388 oblonga
1033 2331 1226 2375 coriacea
1273 2330 1463 2375 articulis
1514 2330 1880 2376 indehiscentibus

195 2393 501 2451 monospermis
529 2391 684 2448 saepius
712 2391 1108 2447 {iugulato-sulcatis
1149 2390 1363 2433 terminali
1390 2389 1670 2447 pyramidato.
1710 2389 1880 2435 Semina

187 2453 363 2508 globosa
388 2452 588 2509 pendula.
618 2449 890 2507 Cotyledones
909 2449 1294 2506 conduplicatae.—
1314 2448 1464 2492 Herbae
1483 2462 1636 2491 annuae
1655 2448 1877 2504 albissorae,

187 2511 293 2555 facie
321 2511 493 2567 Myayri
515 2510 577 2552 vel
595 2508 838 2561 Erucarioe,
871 2508 1048 2551 racemis
1074 2507 1305 2551 fructiferis
1333 2506 1557 2562 elongatis,
1589 2506 1752 2564 siliquis
1780 2507 1878 2551 bre-

185 2571 306 2613 vibus
332 2568 504 2613 strictis.
536 2567 677 2611 Genus
704 2566 905 2622 Rapistro
931 2567 1049 2610 valde
1078 2566 1205 2609 affine
1232 2566 1304 2609 sed
1322 2565 1568 2609 distinctum
1586 2564 1734 2622 petalis
1752 2566 1875 2621 albis,

186 2628 422 2672 seminibus
450 2626 650 2670 omnibus
676 2624 886 2682 pendulis.

240 2781 299 2823 D.
327 2777 642 2834 AEqyptius
670 2773 733 2830 (L.
765 2773 834 2830 Sp.
865 2772 950 2817 895
977 2774 1055 2817 sub
1082 2773 1277 2832 Myayro)
1306 2775 1383 2817 sub
1409 2775 1521 2817 lente
1556 2787 1682 2832 parce
1710 2774 1873 2817 scabri-

179 2838 274 2891 dus,
303 2836 412 2880 foliis
439 2833 633 2891 oblongis
661 2833 822 2875 obtusis
857 2839 1016 2876 remote
1044 2833 1226 2876 dentatis
1259 2834 1323 2876 vel
1350 2833 1567 2876 nonnullis
1594 2832 1873 2876 inferioribus

178 2896 339 2954 lyratis,
377 2894 564 2938 articulis
600 2890 977 2947 ovato-tetragonis
1014 2891 1264 2948 aequilongis
1291 2891 1404 2935 inter
1429 2898 1566 2935 costas
1591 2891 1757 2948 rugosis
1784 2899 1871 2935 ter-
