2021 3235
933 147 1016 190 753

190 278 244 321 C.
275 276 646 321 Surattensis
672 275 833 331 (Burm.
866 277 944 318 loc.
976 276 1045 318 cit.
1076 278 1162 320 tab.
1193 277 1264 331 115,
1308 280 1377 335 fig.
1410 279 1452 335 5)
1489 281 1598 324 soliis
1626 282 1809 327 breviter

131 334 340 394 petiolatis
366 333 732 390 glabrescentibus
758 333 952 390 oblongis
978 334 1112 378 acutis
1147 338 1452 380 mucronulatis
1479 339 1567 381 basi
1604 342 1807 395 cummis,

134 393 286 451 calycis
313 392 413 436 hirti
439 392 604 435 laciniis
631 392 1066 449 oblongo-linearibus
1094 393 1211 450 apice
1238 395 1453 438 cucullatis
1471 397 1812 442 membranaceo-

133 450 356 496 fimbriatis
382 450 631 494 brevissime
658 450 936 504 mucronatis‚
960 452 1129 550 7petalis
1169 452 1383 496 filamenta
1422 467 1507 497 non
1548 457 1811 512 aequantibus

139 517 204 563 Θ.
234 511 360 555 Wall.
389 511 445 567 pl.
476 508 605 552 Asiat.
636 522 721 551 rar.
753 510 786 563 I,
815 508 901 552 tab.
929 509 947 551 1
993 545 999 551 .

194 573 294 612 Hab.
318 573 357 610 in
380 571 516 610 Persia
539 572 700 610 australi
723 572 774 609 ad
803 571 935 609 Sinum
960 573 1157 610 Persicum
1179 574 1321 621 (Auch.
1345 585 1427 611 exs.
1451 570 1630 629 45161),
1661 577 1810 615 Beluts-

138 633 225 672 chia
242 631 401 683 (Stocks
414 632 454 681 1),
476 642 596 680 regno
620 629 794 669 Mascate
817 630 973 668 Arabiae
996 627 1138 685 (Auch.
1164 645 1248 670 exs.
1274 630 1391 672 4517
1407 627 1448 681 l).

196 692 309 729 Folia
328 703 413 729 cum
432 689 578 739 petiolo
598 687 697 742 (basi
720 690 898 738 utrinque
921 688 949 728 2
971 690 1151 729 dentibus
1176 693 1365 730 subulatis
1390 692 1582 730 interdum
1606 692 1813 746 instructo)

139 748 280 791 12-16
302 751 425 788 lineas
450 751 579 799 longa,
608 747 686 789 4-6
708 749 800 787 lata.

198 809 275 848 Ar.
313 815 473 859 Geogr.
508 809 662 859 Scinde‚
687 808 798 846 India
823 808 1079 847 occidentalis
1105 810 1258 858 tropica
1278 813 1316 847 et
1337 811 1577 858 subtropica.

199 950 253 993 G.
279 947 637 1003 Abyssinica
676 946 742 1001 (R.
781 945 846 988 ΒΓ.
885 946 929 988 in
965 945 1089 989 Wall.
1131 948 1187 1003 pl.
1225 947 1353 991 Asiat.
1385 961 1470 990 rar.
1502 948 1584 991 tab.
1620 947 1687 1003 18>
1730 949 1823 1005 pilis

141 1006 321 1051 ramosis
347 1013 435 1049 tota
460 1006 555 1062 plus
581 1004 723 1047 minus
741 1004 870 1057 hirta,
900 1004 1010 1047 foliis
1029 1004 1441 1049 lineari-lanceolatis
1459 1007 1718 1050 mucronatis
1736 1007 1825 1050 basi

143 1065 370 1109 attenuatis
398 1063 717 1115 subsessilibuS‚
747 1062 897 1120 calycis
924 1062 1024 1105 hirti
1050 1063 1215 1107 laciniis
1242 1064 1682 1120 oblongo-linearibus
1710 1066 1826 1122 apice

142 1123 360 1168 cucullatis
386 1121 974 1166 membranaceo—fimbriatis
1000 1121 1043 1164 in
1070 1136 1320 1165 mucronem
1346 1123 1823 1180 patulo-subrecurvum

144 1183 187 1226 in
214 1181 494 1225 exterioribus
519 1179 834 1236 longiusculum
861 1179 1139 1234 abeuntibus,
1175 1181 1325 1238 petalis
1351 1181 1565 1224 filamenta
1592 1181 1829 1224 excedenti-

144 1241 224 1285 bus
254 1246 320 1292 Θ.
355 1239 401 1283 C.
422 1240 642 1297 apiculam
667 1238 860 1282 Decaisn.
892 1238 953 1281 Fl.
983 1237 1136 1281 Sinaic.
1170 1253 1210 1296 p.
1232 1238 1336 1282 6.-
1357 1239 1664 1295 Ceratonychia
1680 1241 1824 1283 nidus.

144 1300 315 1356 Edgew.
345 1298 496 1341 Journ.
526 1297 656 1354 Beng.
689 1295 792 1351 XVI,
822 1310 862 1354 p.
895 1296 1022 1339 1215.

204 1362 303 1400 Hab.
330 1362 366 1398 in
393 1360 540 1399 Arabia
562 1361 709 1409 petrea
734 1360 839 1398 circa
863 1360 909 1397 El
934 1359 1016 1397 Tor
1042 1365 1080 1397 et
1116 1359 1155 1396 in
1191 1359 1345 1398 deserto
1378 1360 1532 1399 Sinaico
1568 1353 1712 1412 (Bove'l
1737 1362 1763 1409 )‚
1791 1362 1827 1397 in

147 1421 275 1460 Ouadi
299 1420 477 1458 Sannour
502 1420 647 1458 deserti
679 1418 1102 1467 AEgyptiaco-Arabici
1127 1418 1300 1465 (Husson
1316 1416 1356 1470 l).

206 1480 319 1518 Folia
339 1477 450 1520 6-10
474 1480 597 1517 lineas
617 1480 735 1528 longa
750 1509 759 1525 ,
782 1476 857 1518 2-5
883 1479 973 1516 lata.

204 1537 267 1576 Ar
298 1537 459 1588 Geogr.
495 1538 731 1588 Abyssinia,
757 1537 905 1576 Arabia
927 1538 1083 1574 deserta
1106 1539 1143 1574 et
1167 1536 1259 1574 felix
1284 1536 1509 1587 (Schimp.).

573 1753 737 1800 ORD.
774 1754 887 1801 XV.
921 1752 1405 1799 MOLLUGINEAE

210 1846 350 1893 Trib.
389 1846 698 1910 Molluqineoe
727 1844 872 1891 Fenzl
918 1845 1046 1891 Ann.
1081 1845 1251 1891 Wien.
1286 1845 1410 1891 Mus.
1445 1843 1503 1901 2,
1553 1861 1595 1905 p.
1635 1842 1761 1889 299.

204 2007 349 2051 Flores
373 2007 590 2063 regulares
616 2006 968 2063 hermaphroditi.
1005 2005 1125 2062 Calyx
1151 2005 1381 2062 persistens
1409 2004 1435 2047 5
1462 2006 1656 2062 partitus.
1689 2006 1827 2049 Petala

146 2065 368 2109 indefinita
393 2067 456 2108 vel
483 2066 613 2108 nulla.
644 2065 832 2108 Stamina
858 2063 937 2107 3-5
962 2064 1025 2106 vel
1051 2064 1235 2120 plurima
1262 2064 1347 2105 imo
1375 2064 1502 2120 calyci
1521 2064 1692 2107 inserta.
1724 2063 1827 2106 Ova-

148 2124 259 2166 rium
293 2124 477 2167 liberum
511 2124 763 2180 incomplete
799 2124 860 2165 vel
894 2123 1101 2178 complete
1128 2121 1443 2178 pluriloculare,
1472 2122 1606 2165 ovulis
1632 2121 1827 2178 plurimis

148 2183 351 2239 placentae
392 2182 568 2225 centrali
602 2182 666 2225 vel
708 2182 863 2237 angulo
903 2180 1078 2223 centrali
1120 2180 1354 2223 loculorum
1398 2179 1596 2223 funiculis
1629 2180 1828 2222 brevibus

147 2240 299 2293 affixis,
327 2240 620 2297 amphitropis.
651 2240 828 2296 Capsula
853 2239 1179 2281 membranacea
1203 2237 1425 2280 loculicide
1444 2239 1615 2281 valvata.
1649 2238 1829 2294 Embryo

148 2299 367 2342 annularis
394 2299 593 2342 albumen
622 2298 885 2341 farinaceum
909 2297 1161 2351 cingens—
1189 2295 1340 2338 Herbae
1368 2297 1429 2338 vel
1458 2295 1695 2339 suffrutices
1722 2295 1830 2338 soliis

149 2357 323 2400 alternis
348 2358 412 2399 vel
437 2355 886 2414 prendoverticillatis‚
922 2354 1131 2411 stipulatis
1172 2354 1234 2396 vel
1277 2353 1550 2410 exstipulatis.
1581 2379 1637 2385 —
1669 2353 1779 2397 Ordo
1807 2368 1830 2396 a

149 2415 412 2458 Portulaceis
453 2414 596 2458 ovario
638 2413 957 2471 pluriloculari,
1001 2427 1024 2455 a
1066 2412 1273 2455 Ficoidez's
1313 2413 1483 2469 capsula
1521 2412 1741 2455 chartacea
1768 2413 1829 2454 vel

150 2473 475 2574 {lnembranacea
501 2487 579 2517 nec
605 2473 825 2526 indurata,
865 2472 998 2514 libera
1026 2484 1105 2513 nec
1130 2471 1380 2527 plerumque
1408 2470 1534 2526 calyci
1562 2469 1651 2512 basi
1679 2470 1830 2512 adnata

181 2531 389 2575 istinctus.

643 2665 933 2714 TELEPHIUM
968 2661 1039 2720 (L.
1076 2664 1174 2712 Gen.
1214 2663 1344 2724 377).

212 2794 331 2851 Calyx
357 2793 384 2837 5
409 2795 604 2851 partitus.
637 2795 776 2838 Petala
802 2794 829 2837 5
855 2794 940 2837 imo
967 2793 1094 2851 calyci
1123 2793 1164 2835 in
1190 2792 1306 2836 disco
1334 2792 1515 2835 obscure
1542 2791 1743 2848 perigyno
1771 2791 1833 2833 in-

156 2859 280 2895 serta.
326 2852 514 2896 Stamina
540 2852 567 2895 5
594 2853 746 2910 calycis
781 2852 945 2896 laciniis
972 2851 1177 2909 opposita.
1207 2849 1302 2906 Styli
1331 2856 1416 2892 tres
1442 2849 1629 2906 patenti-
1650 2849 1828 2892 recurvi.

1547 2930 1589 2965 48
