2021 3235
899 106 976 149 244

98 207 452 259 purpurascentes
488 204 676 242 tomento
709 197 871 240 stellato
905 210 1035 239 canae.
1091 196 1231 238 Genus
1274 197 1326 239 ab
1369 196 1584 239 Anchom'o
1626 198 1779 253 siliqua

100 260 242 316 ruptili
270 266 309 301 et
335 259 514 302 statione
543 257 582 299 in
613 255 804 298 arenosis
832 255 894 297 vel
922 254 1137 310 argillosis
1165 254 1284 297 salsis
1312 268 1387 296 nec
1420 254 1463 296 in
1502 256 1651 312 alpinis
1686 263 1782 298 tan-

101 325 188 361 tum
217 318 479 360 distinctum.

159 456 210 500 S.
240 456 634 511 sulphureum
653 453 851 509 (Russell.
875 452 1019 508 Alcpp.
1051 452 1129 494 sub
1151 450 1430 508 Clieirantlio)
1451 459 1787 495 cano-mmmm-

104 528 214 567 sum,
252 513 361 556 foliis
400 511 676 556 inferioribus
704 510 1154 566 oblongo-lanceolatis
1181 510 1689 566 runcinato-pinnatit'iilis
1718 525 1788 552 su-

104 571 345 630 perioribus
377 571 563 614 'dentatis
599 571 661 612 vel
699 569 893 625 integris,
939 568 1144 624 pedicello
1187 568 1334 610 florem
1377 568 1581 624 aequanss,
1626 568 1791 624 siliquis

106 629 397 674 crassiuseulis
425 629 542 672 canis
570 641 656 671 non
679 626 939 683 glandulosis
957 627 998 669 in
1017 627 1171 683 stylum
1201 627 1517 669 breviusculuni
1548 627 1791 680 attenuatis,

106 688 313 745 stigmatis
356 687 485 731 ramis
528 686 728 730 brevibus
755 687 825 741 Θ.
873 684 920 727 S.
951 685 1231 741 sulphwemn
1273 698 1339 728 Dc.
1371 684 1476 742 Syst.
1516 684 1576 737 ll,
1616 700 1656 741 p.
1689 684 1787 727 2122.

106 747 261 790 Deless.
297 746 351 789 Ic.
386 746 438 800 ΙΙ,
468 746 554 789 tab.
585 744 656 788 83.

166 819 267 856 Hab.
302 820 341 856 in
378 819 490 856 cultis
526 818 722 865 argillosis
763 815 1026 863 Cappadociae
1067 815 1116 851 ad
1154 814 1375 852 Caesaream
1399 814 1567 864 (Bali),
1600 814 1722 862 Syriae
1746 816 1794 852 ad

107 877 260 926 Aleppo
288 875 475 930 (Russell,
511 877 636 915 Auch.
662 888 744 915 exs.
779 873 890 915 211!
918 874 982 922 Ky
1009 886 1090 911 cxs.
1115 872 1193 913 911
1222 874 1380 911 Haussk
1399 873 1455 923 !)=,
1482 872 1530 911 ad
1557 873 1792 911 Damascum

106 931 298 985 (Gatllt),
339 937 483 975 Persiae
507 936 544 973 in
580 948 690 984 prov.
731 932 978 982 Aderbidjan
1014 931 1198 984 (Szowl),
1237 933 1286 970 ad
1321 932 1525 970 Schahrud
1561 929 1789 982 (Buugcl)‚

109 996 214 1035 eirca
238 996 407 1044 Ispahan
430 994 571 1046 (Auch.
600 1006 682 1033 exs.
709 993 817 1035 185!
845 997 883 1031 et
904 990 1043 1044 2021),
1068 1004 1190 1040 prope
1215 991 1414 1030 Abouchir
1435 987 1518 1044 (Ky
1543 1004 1625 1030 exs.
1655 990 1794 1041 1501).

164 1058 210 1113 β.
254 1058 519 1114 asperzclum.
565 1057 831 1110 Flavescens,
872 1061 1061 1098 tomento
1094 1053 1281 1097 densiori
1310 1053 1565 1110 adpressiori
1585 1054 1791 1097 obsitum.

110 1115 156 1159 S.
188 1116 538 1173 brachypetalum
564 1115 696 1159 Boiss.
728 1116 837 1158 Ann.
868 1114 932 1157 Sc.
964 1113 1057 1156 Nat.
1090 1111 1219 1166 1842,
1250 1126 1290 1169 p.
1324 1111 1393 1155 153.

110 1186 341 1296 mggbfiiit}
381 1185 546 1234 Assyria
578 1186 628 1222 ad
663 1185 837 1223 Mossoul
861 1181 1039 1237 (Noet),
1079 1185 1115 1220 in
1146 1183 1282 1219 Persia
1318 1182 1480 1220 australi
1521 1178 1664 1235 (Auch.
1706 1193 1790 1220 exs.

169 1331 210 1372 y.
255 1288 602 1366 anyttst'isoliam.
649 1307 765 1351 Folia
800 1314 1024 1362 angustata
1058 1306 1289 1349 lanceolata
1322 1303 1571 1362 pinnatifida
1599 1306 1660 1348 vel
1689 1306 1797 1348 inte-

113 1367 282 1469 grafflt}
304 1373 582 1411 tomentosam
609 1366 749 1409 Willd.
782 1366 856 1417 111,
887 1380 925 1422 p.
951 1364 1036 1407 5023
1064 1364 1161 1421 (sub
1193 1363 1488 1419 Cheirantho).
1521 1376 1588 1407 DC.
1609 1363 1715 1422 Syst.
1741 1364 1794 1416 ll,

114 1440 141 1482 p
173 1497 274 1536 Hab.
297 1497 336 1534 in
358 1496 621 1535 Turcomauia
644 1495 837 1544 (Lehml),
865 1496 902 1533 in
927 1507 1037 1543 prov,
1065 1494 1239 1542 Talysch
1263 1487 1478 1543 (Hohenl).

175 1564 336 1613 Species
359 1563 540 1602 foliorum
565 1563 691 1601 forma
714 1567 752 1601 et
775 1562 985 1609 divisione,
1009 1562 1146 1600 florum
1181 1560 1458 1610 magnitudine,
1486 1559 1710 1599 indumento
1738 1565 1791 1599 te-

115 1623 240 1734 iiiuliori
265 1624 327 1661 vel
351 1623 472 1661 denso
496 1623 610 1660 valde
640 1621 913 1671 polymorpha.
947 1619 1105 1669 Siliquae
1135 1616 1273 1673 2-2Ὺῖ
1299 1619 1509 1669 pollicares
1541 1620 1626 1657 basi
1652 1621 1792 1658 lineam

183 1714 196 1734 ⁴
224 1683 323 1721 latae.

173 1747 250 1787 Ar.
282 1747 445 1799 Geogr.
479 1749 648 1789 Deserta
670 1748 815 1797 Caspia
836 1751 875 1786 et
891 1746 1232 1795 Transuralensia,
1266 1745 1409 1784 Sibiria
1431 1744 1597 1784 Altaica.

174 1871 225 1915 S.
244 1871 581 1914 torulosum
609 1869 713 1926 (ΜΒ.
744 1869 871 1912 Taur.
902 1867 1027 1911 Cauc.
1060 1867 1113 1921 ll,
1143 1882 1183 1924 p.
1207 1865 1283 1909 121
1319 1866 1396 1908 sub
1427 1864 1703 1922 Clzeessrantho)
1732 1880 1800 1909 ca-

118 1942 311 1983 nescens,
339 1928 451 1972 foliis
477 1927 724 1972 lanceolatis
751 1926 1014 1985 pinnatifidis
1042 1927 1103 1969 vel
1131 1924 1310 1968 dentatis
1338 1924 1476 1966 rarius
1505 1923 1698 1980 integris,
1726 1938 1800 1980 pe-

118 1987 268 2031 dicello
309 1987 460 2030 florem
501 1986 713 2044 aequanti,
752 1985 917 2043 siliquis
952 1984 1181 2041 gracilibus
1214 1990 1369 2041 praeter
1401 1981 1556 2041 pubem
1593 1984 1801 2025 stellatam

116 2045 327 2103 glandulis
353 2045 537 2089 breviter
563 2044 760 2102 stipitatis
777 2045 870 2102 plus
898 2043 1038 2086 minus
1065 2041 1226 2099 asperis
1244 2041 1287 2084 in
1304 2041 1458 2098 stylum
1486 2039 1801 2083 breviusculum

119 2104 367 2205 atte5n8u0atis,
396 2103 605 2160 stigmatis
641 2103 770 2147 ramis
817 2102 1016 2146 brevibus
1044 2102 1113 2157 Gi).
1146 2100 1191 2143 S.
1229 2100 1466 2143 torulosum
1499 2110 1565 2141 Dc.
1597 2096 1704 2156 Syst.
1737 2099 1798 2152 ΙΙ,

178 2232 274 2272 Hrb.
301 2232 339 2270 in
366 2231 553 2270 Armenia
586 2231 757 2271 Turcica
781 2231 830 2269 ad
867 2230 1034 2268 Baibout
1059 2228 1280 2279 (Bourgl),
1309 2227 1518 2264 Erzeroum
1543 2220 1692 2280 (Tchih
1712 2224 1734 2277 1)
1762 2230 1800 2264 et

120 2291 221 2329 inter
254 2291 355 2340 Ispir
393 2295 431 2330 et
469 2291 634 2329 'Portum
658 2284 849 2340 (Huet!)‚
884 2290 922 2327 in
956 2288 1086 2329 Iberia
1120 2286 1336 2325 Caucasica
1374 2296 1498 2334 prope
1539 2284 1807 2323 Helenendorf

121 2345 296 2405 (Hohl).

181 2418 321 2456 Differt
342 2430 364 2455 a
389 2417 428 2456 S.
462 2418 669 2468 sulphureo
693 2431 774 2456 var.
807 2415 1057 2466 anqustisolio
1081 2413 1232 2462 siliquis
1258 2411 1528 2460 gracilioribus
1553 2410 1802 2458 glanduloso-

120 2477 337 2528 scabridis3
361 2489 410 2515 an
434 2484 561 2516 tamen
587 2478 702 2526 hujus
727 2488 881 2527 quoque
906 2465 1108 2513 varietas?
1131 2470 1288 2521 Siliquae
1314 2470 1421 2508 varie
1446 2472 1614 2508 curvatae
1638 2469 1714 2507 imo
1732 2468 1803 2507 eir-

123 2536 306 2574 culariter
332 2537 554 2576 circinnatae
575 2534 679 2576 9-15
703 2537 826 2574 lineas
851 2537 977 2584 longae
1003 2534 1068 2571 vix
1101 2531 1186 2571 basi
1209 2529 1352 2569 lineam
1378 2529 1477 2567 latae.

180 2655 234 2700 S.
264 2668 727 2714 purpurascens,
756 2657 886 2700 dense
919 2666 1162 2704 canescens,
1193 2650 1303 2694 soliis
1329 2648 1524 2704 oblongis
1554 2647 1804 2705 lyrato-pin-

123 2713 331 2769 natifidis,
359 2716 565 2772 pedieello
591 2715 697 2758 flore
725 2715 890 2760 minuto
927 2711 1139 2767 longiore,
1168 2707 1332 2765 siliquis
1358 2707 1470 2763 pube
1497 2706 1660 2769 stellata
1686 2718 1805 2768 SPaP'.

125 2771 205 2814 sim
245 2773 392 2817 obsitis
424 2773 672 2831 gracillimis
704 2770 972 2824 circinnatis,
1001 2770 1107 2827 stylo
1146 2767 1310 2823 siliquae
1344 2764 1449 2807 latit.
1479 2764 1806 2820 sesquilongiori

125 2829 220 2887 styli
247 2831 378 2875 ramis
403 2831 759 2887 brevissimis..

1581 2895 1623 2931 16
