<?xml version="1.0" encoding="UTF-8"?>
<!DOCTYPE html PUBLIC "-//W3C//DTD XHTML 1.0 Transitional//EN"
    "http://www.w3.org/TR/xhtml1/DTD/xhtml1-transitional.dtd">
<html xmlns="http://www.w3.org/1999/xhtml" xml:lang="en" lang="en">
 <head>
  <title>
</title>
<meta http-equiv="Content-Type" content="text/html;charset=utf-8" />
  <meta name='ocr-system' content='tesseract 3.04.00' />
  <meta name='ocr-capabilities' content='ocr_page ocr_carea ocr_par ocr_line ocrx_word'/>
</head>
<body>
  <div class='ocr_page' id='page_1' title='image "./floraorientaliss01bois/floraorientaliss01bois_0137.png"; bbox 0 0 2021 3235; ppageno 0'>
   <div class='ocr_carea' id='block_1_1' title="bbox 905 145 961 189">
    <p class='ocr_par' dir='ltr' id='par_1_1' title="bbox 905 145 961 189">
     <span class='ocr_line' id='line_1_1' title="bbox 905 145 961 189; baseline 0.018 -1"><span class='ocrx_word' id='word_1_1' title='bbox 905 145 961 189; x_wconf 83' lang='lat'>93</span> 
     </span>
    </p>
   </div>
   <div class='ocr_carea' id='block_1_2' title="bbox 90 234 1774 530">
    <p class='ocr_par' dir='ltr' id='par_1_2' title="bbox 90 234 1774 530">
     <span class='ocr_line' id='line_1_2' title="bbox 90 234 1769 295; baseline 0.01 -18"><span class='ocrx_word' id='word_1_2' title='bbox 90 234 424 292; x_wconf 22' lang='lat' dir='ltr'>elatosangulato</span> <span class='ocrx_word' id='word_1_3' title='bbox 450 234 664 287; x_wconf 85' lang='lat' dir='ltr'>ssexu0s0,</span> <span class='ocrx_word' id='word_1_4' title='bbox 703 234 871 291; x_wconf 86' lang='lat' dir='ltr'>petiolis</span> <span class='ocrx_word' id='word_1_5' title='bbox 898 241 939 277; x_wconf 86' lang='lat' dir='ltr'>et</span> <span class='ocrx_word' id='word_1_6' title='bbox 964 235 1217 291; x_wconf 85' lang='lat' dir='ltr'>pedunculis</span> <span class='ocrx_word' id='word_1_7' title='bbox 1247 240 1429 295; x_wconf 80' lang='lat' dir='ltr'>rigidule</span> <span class='ocrx_word' id='word_1_8' title='bbox 1457 244 1608 290; x_wconf 77' lang='lat' dir='ltr'>ciliatis</span> <span class='ocrx_word' id='word_1_9' title='bbox 1661 250 1769 293; x_wconf 84' lang='lat' dir='ltr'>soliis</span> 
     </span>
     <span class='ocr_line' id='line_1_3' title="bbox 92 284 1771 350; baseline 0.009 -15"><span class='ocrx_word' id='word_1_10' title='bbox 92 293 251 336; x_wconf 84' lang='lat' dir='ltr'>ambitu</span> <span class='ocrx_word' id='word_1_11' title='bbox 285 292 590 335; x_wconf 74' lang='lat' dir='ltr'>renisormibus</span> <span class='ocrx_word' id='word_1_12' title='bbox 628 293 838 349; x_wconf 78' lang='lat' dir='ltr'>profunde</span> <span class='ocrx_word' id='word_1_13' title='bbox 879 294 1223 350; x_wconf 82' lang='lat' dir='ltr'>palmatipartitis</span> <span class='ocrx_word' id='word_1_14' title='bbox 1263 298 1427 343; x_wconf 85' lang='lat' dir='ltr'>laciniis</span> <span class='ocrx_word' id='word_1_15' title='bbox 1467 312 1586 347; x_wconf 84' lang='lat' dir='ltr'>acute</span> <span class='ocrx_word' id='word_1_16' title='bbox 1622 284 1771 350; x_wconf 63' lang='lat' dir='ltr'>’incisis</span> 
     </span>
     <span class='ocr_line' id='line_1_4' title="bbox 91 350 1772 420; baseline 0.01 -27"><span class='ocrx_word' id='word_1_17' title='bbox 91 350 368 394; x_wconf 87' lang='lat' dir='ltr'>inferioribus</span> <span class='ocrx_word' id='word_1_18' title='bbox 395 350 735 407; x_wconf 83' lang='lat' dir='ltr'>divergentibus,</span> <span class='ocrx_word' id='word_1_19' title='bbox 766 365 935 394; x_wconf 79' lang='lat' dir='ltr'>racemo</span> <span class='ocrx_word' id='word_1_20' title='bbox 962 351 1258 408; x_wconf 83' lang='lat' dir='ltr'>densiusculo,</span> <span class='ocrx_word' id='word_1_21' title='bbox 1288 358 1449 402; x_wconf 86' lang='lat' dir='ltr'>calcare</span> <span class='ocrx_word' id='word_1_22' title='bbox 1476 369 1588 405; x_wconf 79' lang='lat' dir='ltr'>recto</span> <span class='ocrx_word' id='word_1_23' title='bbox 1622 366 1772 420; x_wconf 82' lang='lat' dir='ltr'>sepalis</span> 
     </span>
     <span class='ocr_line' id='line_1_5' title="bbox 91 408 1774 466; baseline 0.009 -15"><span class='ocrx_word' id='word_1_24' title='bbox 91 409 250 465; x_wconf 84' lang='lat' dir='ltr'>glabris</span> <span class='ocrx_word' id='word_1_25' title='bbox 288 409 506 465; x_wconf 70' lang='lat' dir='ltr'>longiore,</span> <span class='ocrx_word' id='word_1_26' title='bbox 550 408 699 465; x_wconf 81' lang='lat' dir='ltr'>petalis</span> <span class='ocrx_word' id='word_1_27' title='bbox 741 409 1037 466; x_wconf 88' lang='lat' dir='ltr'>superioribus</span> <span class='ocrx_word' id='word_1_28' title='bbox 1069 411 1228 466; x_wconf 83' lang='lat' dir='ltr'>glabris</span> <span class='ocrx_word' id='word_1_29' title='bbox 1261 414 1538 463; x_wconf 85' lang='lat' dir='ltr'>inferioribus</span> <span class='ocrx_word' id='word_1_30' title='bbox 1570 422 1620 464; x_wconf 89' lang='lat' dir='ltr'>ad</span> <span class='ocrx_word' id='word_1_31' title='bbox 1654 423 1774 465; x_wconf 90' lang='lat' dir='ltr'>lami-</span> 
     </span>
     <span class='ocr_line' id='line_1_6' title="bbox 97 466 1773 530; baseline 0.009 -21"><span class='ocrx_word' id='word_1_32' title='bbox 97 481 195 510; x_wconf 85' lang='lat' dir='ltr'>nam</span> <span class='ocrx_word' id='word_1_33' title='bbox 231 466 444 520; x_wconf 74' lang='lat' dir='ltr'>barbatis,</span> <span class='ocrx_word' id='word_1_34' title='bbox 490 468 660 524; x_wconf 76' lang='lat' dir='ltr'>capsula</span> <span class='ocrx_word' id='word_1_35' title='bbox 694 467 840 523; x_wconf 79' lang='lat' dir='ltr'>glabra</span> <span class='ocrx_word' id='word_1_36' title='bbox 877 475 937 517; x_wconf 69' lang='lat'>26.</span> <span class='ocrx_word' id='word_1_37' title='bbox 979 468 1034 510; x_wconf 93' lang='lat' dir='ltr'>lc.</span> <span class='ocrx_word' id='word_1_38' title='bbox 1071 469 1231 514; x_wconf 91' lang='lat' dir='ltr'>Trevir.</span> <span class='ocrx_word' id='word_1_39' title='bbox 1279 472 1426 530; x_wconf 90' lang='lat' dir='ltr'>Delph.</span> <span class='ocrx_word' id='word_1_40' title='bbox 1474 478 1558 520; x_wconf 80' lang='lat' dir='ltr'>tab.</span> <span class='ocrx_word' id='word_1_41' title='bbox 1602 480 1616 521; x_wconf 93' lang='lat'>1</span> <span class='ocrx_word' id='word_1_42' title='bbox 1653 488 1692 523; x_wconf 86' lang='lat' dir='ltr'>et</span> <span class='ocrx_word' id='word_1_43' title='bbox 1725 482 1773 524; x_wconf 91' lang='lat'>11.</span> 
     </span>
    </p>
   </div>
   <div class='ocr_carea' id='block_1_3' title="bbox 98 524 1777 640">
    <p class='ocr_par' dir='ltr' id='par_1_3' title="bbox 98 524 1777 640">
     <span class='ocr_line' id='line_1_7' title="bbox 98 524 1777 583; baseline 0.008 -15"><span class='ocrx_word' id='word_1_44' title='bbox 98 524 149 568; x_wconf 84' lang='lat' dir='ltr'>D.</span> <span class='ocrx_word' id='word_1_45' title='bbox 184 525 383 568; x_wconf 76' lang='lat' dir='ltr'>ciliatum</span> <span class='ocrx_word' id='word_1_46' title='bbox 421 525 529 568; x_wconf 86' lang='lat' dir='ltr'>Stev.</span> <span class='ocrx_word' id='word_1_47' title='bbox 576 525 703 568; x_wconf 87' lang='lat' dir='ltr'>Index</span> <span class='ocrx_word' id='word_1_48' title='bbox 745 525 873 583; x_wconf 90' lang='lat' dir='ltr'>Dorp.</span> <span class='ocrx_word' id='word_1_49' title='bbox 914 524 1043 569; x_wconf 86' lang='grc'><strong>1811.</strong></span> <span class='ocrx_word' id='word_1_50' title='bbox 1081 527 1132 571; x_wconf 91' lang='lat' dir='ltr'>D.</span> <span class='ocrx_word' id='word_1_51' title='bbox 1174 530 1336 573; x_wconf 80' lang='lat' dir='ltr'>elatum</span> <span class='ocrx_word' id='word_1_52' title='bbox 1365 547 1456 577; x_wconf 84' lang='lat' dir='ltr'>var.</span> <span class='ocrx_word' id='word_1_53' title='bbox 1500 538 1777 582; x_wconf 76' lang='lat' dir='ltr'>subciliatum</span> 
     </span>
     <span class='ocr_line' id='line_1_8' title="bbox 98 582 732 640; baseline 0.002 -15"><span class='ocrx_word' id='word_1_54' title='bbox 98 582 254 627; x_wconf 89' lang='lat' dir='ltr'>Ledeb.</span> <span class='ocrx_word' id='word_1_55' title='bbox 285 583 344 626; x_wconf 89' lang='lat' dir='ltr'>Fl.</span> <span class='ocrx_word' id='word_1_56' title='bbox 376 583 495 627; x_wconf 86' lang='lat' dir='ltr'>Ross.</span> <span class='ocrx_word' id='word_1_57' title='bbox 528 583 562 637; x_wconf 85' lang='grc' dir='ltr'>Ι,</span> <span class='ocrx_word' id='word_1_58' title='bbox 589 597 632 640; x_wconf 90' lang='lat' dir='ltr'>p.</span> <span class='ocrx_word' id='word_1_59' title='bbox 662 582 732 626; x_wconf 76' lang='lat'>64.</span> 
     </span>
    </p>
   </div>
   <div class='ocr_carea' id='block_1_4' title="bbox 97 653 1778 769">
    <p class='ocr_par' dir='ltr' id='par_1_4' title="bbox 97 653 1778 769">
     <span class='ocr_line' id='line_1_9' title="bbox 156 653 1778 719; baseline 0.008 -27"><span class='ocrx_word' id='word_1_60' title='bbox 156 654 256 693; x_wconf 88' lang='lat' dir='ltr'>Hab.</span> <span class='ocrx_word' id='word_1_61' title='bbox 282 655 322 692; x_wconf 90' lang='lat' dir='ltr'>in</span> <span class='ocrx_word' id='word_1_62' title='bbox 346 653 526 693; x_wconf 85' lang='lat' dir='ltr'>Caucaso</span> <span class='ocrx_word' id='word_1_63' title='bbox 551 657 652 703; x_wconf 82' lang='lat' dir='ltr'>sept.</span> <span class='ocrx_word' id='word_1_64' title='bbox 676 655 714 692; x_wconf 92' lang='lat' dir='ltr'>in</span> <span class='ocrx_word' id='word_1_65' title='bbox 739 658 869 693; x_wconf 90' lang='lat' dir='ltr'>monte</span> <span class='ocrx_word' id='word_1_66' title='bbox 901 655 1097 694; x_wconf 86' lang='lat' dir='ltr'>Beschtan</span> <span class='ocrx_word' id='word_1_67' title='bbox 1127 662 1167 696; x_wconf 83' lang='lat' dir='ltr'>et</span> <span class='ocrx_word' id='word_1_68' title='bbox 1198 658 1247 696; x_wconf 87' lang='lat' dir='ltr'>ad</span> <span class='ocrx_word' id='word_1_69' title='bbox 1284 660 1482 701; x_wconf 85' lang='lat' dir='ltr'>Nartzana</span> <span class='ocrx_word' id='word_1_70' title='bbox 1505 664 1607 715; x_wconf 83' lang='grc' dir='ltr'>(ΜΒ.</span> <span class='ocrx_word' id='word_1_71' title='bbox 1634 668 1721 707; x_wconf 90' lang='lat' dir='ltr'>Hoh</span> <span class='ocrx_word' id='word_1_72' title='bbox 1737 668 1778 719; x_wconf 74' lang='lat' dir='ltr'>l),</span> 
     </span>
     <span class='ocr_line' id='line_1_10' title="bbox 97 710 1166 769; baseline 0.004 -18"><span class='ocrx_word' id='word_1_73' title='bbox 97 714 341 752; x_wconf 85' lang='lat' dir='ltr'>meridionali</span> <span class='ocrx_word' id='word_1_74' title='bbox 367 714 473 753; x_wconf 87' lang='lat' dir='ltr'>circa</span> <span class='ocrx_word' id='word_1_75' title='bbox 494 713 769 763; x_wconf 85' lang='lat' dir='ltr'>Elizabethpol</span> <span class='ocrx_word' id='word_1_76' title='bbox 793 710 967 769; x_wconf 86' lang='lat' dir='ltr'>(Hohl).</span> <span class='ocrx_word' id='word_1_77' title='bbox 993 715 1053 754; x_wconf 86' lang='lat' dir='ltr'>Fl.</span> <span class='ocrx_word' id='word_1_78' title='bbox 1078 719 1166 755; x_wconf 66' lang='lat' dir='ltr'>aest.-</span> 
     </span>
    </p>
   </div>
   <div class='ocr_carea' id='block_1_5' title="bbox 95 779 1777 948">
    <p class='ocr_par' dir='ltr' id='par_1_5' title="bbox 95 779 1777 948">
     <span class='ocr_line' id='line_1_11' title="bbox 154 779 1777 830; baseline 0.008 -13"><span class='ocrx_word' id='word_1_79' title='bbox 154 780 272 819; x_wconf 87' lang='lat' dir='ltr'>Folia</span> <span class='ocrx_word' id='word_1_80' title='bbox 292 781 431 829; x_wconf 85' lang='lat' dir='ltr'>glabra</span> <span class='ocrx_word' id='word_1_81' title='bbox 456 781 518 818; x_wconf 88' lang='lat' dir='ltr'>vel</span> <span class='ocrx_word' id='word_1_82' title='bbox 541 780 591 817; x_wconf 86' lang='lat' dir='ltr'>ad</span> <span class='ocrx_word' id='word_1_83' title='bbox 624 791 767 818; x_wconf 83' lang='lat' dir='ltr'>nervos</span> <span class='ocrx_word' id='word_1_84' title='bbox 795 779 951 818; x_wconf 88' lang='lat' dir='ltr'>hirtula.</span> <span class='ocrx_word' id='word_1_85' title='bbox 977 781 1102 820; x_wconf 86' lang='lat' dir='ltr'>Valde</span> <span class='ocrx_word' id='word_1_86' title='bbox 1126 782 1240 821; x_wconf 83' lang='lat' dir='ltr'>affine</span> <span class='ocrx_word' id='word_1_87' title='bbox 1263 784 1308 823; x_wconf 88' lang='lat' dir='ltr'>D.</span> <span class='ocrx_word' id='word_1_88' title='bbox 1331 786 1429 826; x_wconf 84' lang='lat' dir='ltr'>elato</span> <span class='ocrx_word' id='word_1_89' title='bbox 1462 800 1498 827; x_wconf 80' lang='lat'>1...</span> <span class='ocrx_word' id='word_1_90' title='bbox 1524 793 1562 828; x_wconf 86' lang='lat' dir='ltr'>et</span> <span class='ocrx_word' id='word_1_91' title='bbox 1587 790 1633 827; x_wconf 81' lang='lat' dir='ltr'>D.</span> <span class='ocrx_word' id='word_1_92' title='bbox 1661 792 1777 830; x_wconf 82' lang='lat' dir='ltr'>inter-</span> 
     </span>
     <span class='ocr_line' id='line_1_12' title="bbox 95 838 1777 897; baseline 0.006 -19"><span class='ocrx_word' id='word_1_93' title='bbox 95 840 221 878; x_wconf 80' lang='lat' dir='ltr'>medio</span> <span class='ocrx_word' id='word_1_94' title='bbox 243 852 308 878; x_wconf 82' lang='lat' dir='ltr'>Dc.</span> <span class='ocrx_word' id='word_1_95' title='bbox 333 852 357 877; x_wconf 88' lang='lat' dir='ltr'>a</span> <span class='ocrx_word' id='word_1_96' title='bbox 379 839 519 888; x_wconf 86' lang='lat' dir='ltr'>quibus</span> <span class='ocrx_word' id='word_1_97' title='bbox 542 838 609 890; x_wconf 86' lang='lat' dir='ltr'>(an</span> <span class='ocrx_word' id='word_1_98' title='bbox 631 838 782 891; x_wconf 77' lang='lat' dir='ltr'>satis?)</span> <span class='ocrx_word' id='word_1_99' title='bbox 807 839 936 878; x_wconf 83' lang='lat' dir='ltr'>differt</span> <span class='ocrx_word' id='word_1_100' title='bbox 959 841 1184 880; x_wconf 87' lang='lat' dir='ltr'>indumento</span> <span class='ocrx_word' id='word_1_101' title='bbox 1210 843 1349 891; x_wconf 85' lang='lat' dir='ltr'>ciliari,</span> <span class='ocrx_word' id='word_1_102' title='bbox 1376 847 1546 886; x_wconf 84' lang='lat' dir='ltr'>bracteis</span> <span class='ocrx_word' id='word_1_103' title='bbox 1569 850 1777 897; x_wconf 88' lang='lat' dir='ltr'>pedunculi</span> 
     </span>
     <span class='ocr_line' id='line_1_13' title="bbox 95 898 935 948; baseline 0 -11"><span class='ocrx_word' id='word_1_104' title='bbox 95 899 182 937; x_wconf 83' lang='lat' dir='ltr'>basi</span> <span class='ocrx_word' id='word_1_105' title='bbox 205 899 312 937; x_wconf 87' lang='lat' dir='ltr'>floris</span> <span class='ocrx_word' id='word_1_106' title='bbox 335 909 491 947; x_wconf 80' lang='lat' dir='ltr'>semper</span> <span class='ocrx_word' id='word_1_107' title='bbox 517 898 712 948; x_wconf 85' lang='lat' dir='ltr'>contiguis</span> <span class='ocrx_word' id='word_1_108' title='bbox 734 898 935 937; x_wconf 85' lang='lat' dir='ltr'>brevibus.</span> 
     </span>
    </p>
   </div>
   <div class='ocr_carea' id='block_1_6' title="bbox 96 1066 1783 1485">
    <p class='ocr_par' dir='ltr' id='par_1_6' title="bbox 96 1066 1783 1414">
     <span class='ocr_line' id='line_1_14' title="bbox 154 1066 1781 1139; baseline 0.006 -27"><span class='ocrx_word' id='word_1_109' title='bbox 154 1069 214 1112; x_wconf 89' lang='lat' dir='ltr'>D.</span> <span class='ocrx_word' id='word_1_110' title='bbox 239 1067 640 1124; x_wconf 84' lang='lat' dir='ltr'>dasycarpum</span> <span class='ocrx_word' id='word_1_111' title='bbox 667 1066 796 1124; x_wconf 82' lang='lat' dir='ltr'>(Stev.</span> <span class='ocrx_word' id='word_1_112' title='bbox 827 1067 871 1110; x_wconf 90' lang='lat' dir='ltr'>in</span> <span class='ocrx_word' id='word_1_113' title='bbox 907 1080 975 1111; x_wconf 86' lang='lat' dir='ltr'>nc.</span> <span class='ocrx_word' id='word_1_114' title='bbox 1006 1067 1110 1126; x_wconf 79' lang='lat' dir='ltr'>Syst.</span> <span class='ocrx_word' id='word_1_115' title='bbox 1148 1069 1180 1123; x_wconf 92' lang='lat' dir='ltr'>I,</span> <span class='ocrx_word' id='word_1_116' title='bbox 1215 1083 1255 1127; x_wconf 93' lang='lat' dir='ltr'>p.</span> <span class='ocrx_word' id='word_1_117' title='bbox 1291 1070 1395 1130; x_wconf 74' lang='lat'>547)</span> <span class='ocrx_word' id='word_1_118' title='bbox 1423 1074 1520 1139; x_wconf 84' lang='lat' dir='ltr'>pilis</span> <span class='ocrx_word' id='word_1_119' title='bbox 1548 1076 1781 1122; x_wconf 79' lang='lat' dir='ltr'>nitentibus</span> 
     </span>
     <span class='ocr_line' id='line_1_15' title="bbox 96 1124 1783 1191; baseline 0.006 -22"><span class='ocrx_word' id='word_1_120' title='bbox 96 1126 269 1170; x_wconf 86' lang='lat' dir='ltr'>deflexis</span> <span class='ocrx_word' id='word_1_121' title='bbox 305 1124 763 1191; x_wconf 33' lang='lat' dir='ltr'>supernevpraesertim</span> <span class='ocrx_word' id='word_1_122' title='bbox 791 1125 953 1169; x_wconf 83' lang='lat' dir='ltr'>hirtum</span> <span class='ocrx_word' id='word_1_123' title='bbox 970 1161 980 1180; x_wconf 88' lang='lat'>‚</span> <span class='ocrx_word' id='word_1_124' title='bbox 1009 1128 1129 1170; x_wconf 91' lang='lat' dir='ltr'>caule</span> <span class='ocrx_word' id='word_1_125' title='bbox 1157 1129 1266 1171; x_wconf 86' lang='lat' dir='ltr'>elato</span> <span class='ocrx_word' id='word_1_126' title='bbox 1293 1131 1446 1186; x_wconf 62' lang='lat' dir='ltr'>gracili&gt;</span> <span class='ocrx_word' id='word_1_127' title='bbox 1469 1135 1691 1190; x_wconf 83' lang='lat' dir='ltr'>angulato,</span> <span class='ocrx_word' id='word_1_128' title='bbox 1722 1137 1783 1179; x_wconf 86' lang='lat' dir='ltr'>fo-</span> 
     </span>
     <span class='ocr_line' id='line_1_16' title="bbox 96 1184 1781 1250; baseline 0.007 -23"><span class='ocrx_word' id='word_1_129' title='bbox 96 1184 164 1228; x_wconf 89' lang='lat' dir='ltr'>liis</span> <span class='ocrx_word' id='word_1_130' title='bbox 204 1184 354 1228; x_wconf 89' lang='lat' dir='ltr'>subtus</span> <span class='ocrx_word' id='word_1_131' title='bbox 402 1189 698 1241; x_wconf 78' lang='lat' dir='ltr'>prominentes</span> <span class='ocrx_word' id='word_1_132' title='bbox 746 1184 939 1228; x_wconf 87' lang='lat' dir='ltr'>nervosis</span> <span class='ocrx_word' id='word_1_133' title='bbox 980 1185 1324 1243; x_wconf 79' lang='lat' dir='ltr'>palmatipartitis</span> <span class='ocrx_word' id='word_1_134' title='bbox 1374 1190 1538 1235; x_wconf 88' lang='lat' dir='ltr'>laciniis</span> <span class='ocrx_word' id='word_1_135' title='bbox 1577 1194 1781 1250; x_wconf 81' lang='lat' dir='ltr'>elongatis</span> 
     </span>
     <span class='ocr_line' id='line_1_17' title="bbox 97 1241 1780 1307; baseline 0.005 -21"><span class='ocrx_word' id='word_1_136' title='bbox 97 1250 218 1287; x_wconf 77' lang='lat' dir='ltr'>acute</span> <span class='ocrx_word' id='word_1_137' title='bbox 260 1242 408 1286; x_wconf 88' lang='lat' dir='ltr'>incisis</span> <span class='ocrx_word' id='word_1_138' title='bbox 431 1241 719 1286; x_wconf 83' lang='lat' dir='ltr'>inferioribus</span> <span class='ocrx_word' id='word_1_139' title='bbox 744 1242 1089 1300; x_wconf 82' lang='lat' dir='ltr'>divergentibus,</span> <span class='ocrx_word' id='word_1_140' title='bbox 1118 1258 1288 1288; x_wconf 86' lang='lat' dir='ltr'>racemo</span> <span class='ocrx_word' id='word_1_141' title='bbox 1314 1246 1430 1291; x_wconf 91' lang='lat' dir='ltr'>brevi</span> <span class='ocrx_word' id='word_1_142' title='bbox 1458 1250 1660 1307; x_wconf 85' lang='lat' dir='ltr'>simplici,</span> <span class='ocrx_word' id='word_1_143' title='bbox 1698 1254 1780 1295; x_wconf 88' lang='lat' dir='ltr'>cal-</span> 
     </span>
     <span class='ocr_line' id='line_1_18' title="bbox 98 1300 1781 1366; baseline 0.005 -22"><span class='ocrx_word' id='word_1_144' title='bbox 98 1314 195 1345; x_wconf 86' lang='lat' dir='ltr'>care</span> <span class='ocrx_word' id='word_1_145' title='bbox 222 1307 338 1345; x_wconf 73' lang='lat' dir='ltr'>recto</span> <span class='ocrx_word' id='word_1_146' title='bbox 364 1301 519 1358; x_wconf 87' lang='lat' dir='ltr'>sepalis</span> <span class='ocrx_word' id='word_1_147' title='bbox 545 1300 687 1358; x_wconf 84' lang='lat' dir='ltr'>patule</span> <span class='ocrx_word' id='word_1_148' title='bbox 726 1300 851 1344; x_wconf 84' lang='lat' dir='ltr'>hirtis</span> <span class='ocrx_word' id='word_1_149' title='bbox 883 1301 1150 1359; x_wconf 83' lang='lat' dir='ltr'>aequilongo,</span> <span class='ocrx_word' id='word_1_150' title='bbox 1179 1304 1330 1360; x_wconf 76' lang='lat' dir='ltr'>pelalis</span> <span class='ocrx_word' id='word_1_151' title='bbox 1367 1308 1660 1364; x_wconf 88' lang='lat' dir='ltr'>superioribus</span> <span class='ocrx_word' id='word_1_152' title='bbox 1695 1311 1781 1366; x_wconf 85' lang='lat' dir='ltr'>gla-</span> 
     </span>
     <span class='ocr_line' id='line_1_19' title="bbox 97 1358 782 1414; baseline 0 -13"><span class='ocrx_word' id='word_1_153' title='bbox 97 1359 210 1414; x_wconf 71' lang='lat' dir='ltr'>bris,</span> <span class='ocrx_word' id='word_1_154' title='bbox 244 1358 388 1403; x_wconf 91' lang='lat' dir='ltr'>ovario</span> <span class='ocrx_word' id='word_1_155' title='bbox 414 1359 545 1403; x_wconf 89' lang='lat' dir='ltr'>dense</span> <span class='ocrx_word' id='word_1_156' title='bbox 569 1358 685 1402; x_wconf 75' lang='lat' dir='ltr'>hirto</span> <span class='ocrx_word' id='word_1_157' title='bbox 721 1367 782 1409; x_wconf 67' lang='lat'>26.</span> 
     </span>
    </p>

    <p class='ocr_par' dir='ltr' id='par_1_7' title="bbox 158 1428 1646 1485">
     <span class='ocr_line' id='line_1_20' title="bbox 158 1428 1646 1485; baseline 0.005 -18"><span class='ocrx_word' id='word_1_158' title='bbox 158 1429 260 1468; x_wconf 89' lang='lat' dir='ltr'>Hab.</span> <span class='ocrx_word' id='word_1_159' title='bbox 284 1429 323 1467; x_wconf 91' lang='lat' dir='ltr'>in</span> <span class='ocrx_word' id='word_1_160' title='bbox 347 1428 650 1480; x_wconf 20' lang='lat' dir='ltr'>Caucaso-sept.</span> <span class='ocrx_word' id='word_1_161' title='bbox 674 1440 798 1477; x_wconf 86' lang='lat' dir='ltr'>prope</span> <span class='ocrx_word' id='word_1_162' title='bbox 820 1428 1004 1467; x_wconf 83' lang='lat' dir='ltr'>Narzana</span> <span class='ocrx_word' id='word_1_163' title='bbox 1027 1428 1152 1481; x_wconf 83' lang='lat' dir='ltr'>(Stev.</span> <span class='ocrx_word' id='word_1_164' title='bbox 1173 1431 1212 1468; x_wconf 91' lang='lat' dir='ltr'>in</span> <span class='ocrx_word' id='word_1_165' title='bbox 1236 1430 1301 1470; x_wconf 87' lang='lat' dir='ltr'>hb.</span> <span class='ocrx_word' id='word_1_166' title='bbox 1325 1445 1390 1471; x_wconf 82' lang='lat' dir='ltr'>nc.</span> <span class='ocrx_word' id='word_1_167' title='bbox 1406 1434 1456 1485; x_wconf 81' lang='lat' dir='ltr'>l).</span> <span class='ocrx_word' id='word_1_168' title='bbox 1480 1435 1539 1473; x_wconf 88' lang='lat' dir='ltr'>Fl.</span> <span class='ocrx_word' id='word_1_169' title='bbox 1564 1446 1646 1475; x_wconf 77' lang='lat' dir='ltr'>aest.</span> 
     </span>
    </p>
   </div>
   <div class='ocr_carea' id='block_1_7' title="bbox 157 1493 1778 1555">
    <p class='ocr_par' dir='ltr' id='par_1_8' title="bbox 157 1493 1778 1555">
     <span class='ocr_line' id='line_1_21' title="bbox 157 1493 1778 1555; baseline 0.006 -20"><span class='ocrx_word' id='word_1_170' title='bbox 157 1497 192 1535; x_wconf 90' lang='lat' dir='ltr'>A</span> <span class='ocrx_word' id='word_1_171' title='bbox 218 1497 454 1546; x_wconf 81' lang='lat' dir='ltr'>praecedenti</span> <span class='ocrx_word' id='word_1_172' title='bbox 475 1493 701 1553; x_wconf 72' lang='lat' dir='ltr'>indumento</span> <span class='ocrx_word' id='word_1_173' title='bbox 725 1496 916 1536; x_wconf 87' lang='lat' dir='ltr'>viscidulo</span> <span class='ocrx_word' id='word_1_174' title='bbox 932 1498 1103 1547; x_wconf 86' lang='lat' dir='ltr'>partium</span> <span class='ocrx_word' id='word_1_175' title='bbox 1126 1498 1331 1550; x_wconf 85' lang='lat' dir='ltr'>floralium,</span> <span class='ocrx_word' id='word_1_176' title='bbox 1350 1503 1496 1551; x_wconf 85' lang='lat' dir='ltr'>sepalis</span> <span class='ocrx_word' id='word_1_177' title='bbox 1518 1503 1642 1555; x_wconf 88' lang='lat' dir='ltr'>hirtis,</span> <span class='ocrx_word' id='word_1_178' title='bbox 1669 1507 1778 1545; x_wconf 85' lang='lat' dir='ltr'>brac-</span> 
     </span>
    </p>
   </div>
   <div class='ocr_carea' id='block_1_8' title="bbox 99 1556 1781 1655">
    <p class='ocr_par' dir='ltr' id='par_1_9' title="bbox 99 1556 1781 1655">
     <span class='ocr_line' id='line_1_22' title="bbox 99 1556 1781 1609; baseline 0.004 -14"><span class='ocrx_word' id='word_1_179' title='bbox 99 1556 217 1596; x_wconf 84' lang='lat' dir='ltr'>teolis</span> <span class='ocrx_word' id='word_1_180' title='bbox 252 1556 460 1605; x_wconf 86' lang='lat' dir='ltr'>pedunculi</span> <span class='ocrx_word' id='word_1_181' title='bbox 491 1568 515 1595; x_wconf 85' lang='lat' dir='ltr'>a</span> <span class='ocrx_word' id='word_1_182' title='bbox 544 1557 643 1596; x_wconf 86' lang='lat' dir='ltr'>flore</span> <span class='ocrx_word' id='word_1_183' title='bbox 675 1556 964 1599; x_wconf 87' lang='lat' dir='ltr'>remotiusculis</span> <span class='ocrx_word' id='word_1_184' title='bbox 1002 1557 1248 1609; x_wconf 83' lang='lat' dir='ltr'>distinctum,</span> <span class='ocrx_word' id='word_1_185' title='bbox 1279 1570 1329 1597; x_wconf 85' lang='lat' dir='ltr'>an</span> <span class='ocrx_word' id='word_1_186' title='bbox 1352 1562 1480 1600; x_wconf 84' lang='lat' dir='ltr'>tamen</span> <span class='ocrx_word' id='word_1_187' title='bbox 1513 1575 1599 1601; x_wconf 92' lang='lat' dir='ltr'>cum</span> <span class='ocrx_word' id='word_1_188' title='bbox 1629 1576 1675 1603; x_wconf 88' lang='lat' dir='ltr'>eo</span> <span class='ocrx_word' id='word_1_189' title='bbox 1698 1577 1781 1603; x_wconf 86' lang='lat' dir='ltr'>var.</span> 
     </span>
     <span class='ocr_line' id='line_1_23' title="bbox 100 1615 292 1655; baseline 0.005 -1"><span class='ocrx_word' id='word_1_190' title='bbox 100 1615 145 1654; x_wconf 91' lang='lat' dir='ltr'>D.</span> <span class='ocrx_word' id='word_1_191' title='bbox 170 1616 292 1655; x_wconf 77' lang='lat' dir='ltr'>elati?</span> 
     </span>
    </p>
   </div>
   <div class='ocr_carea' id='block_1_9' title="bbox 278 1755 1079 1806">
    <p class='ocr_par' dir='ltr' id='par_1_10' title="bbox 278 1755 1079 1806">
     <span class='ocr_line' id='line_1_24' title="bbox 278 1755 1079 1806; baseline 0.004 -13"><span class='ocrx_word' id='word_1_192' title='bbox 278 1755 303 1778; x_wconf 46' lang='grc' dir='ltr'>θ’</span> <span class='ocrx_word' id='word_1_193' title='bbox 333 1755 357 1787; x_wconf 61' lang='lat'>⁷³*</span> <span class='ocrx_word' id='word_1_194' title='bbox 388 1755 565 1795; x_wconf 84' lang='lat' dir='ltr'>Bracteae</span> <span class='ocrx_word' id='word_1_195' title='bbox 587 1759 627 1795; x_wconf 82' lang='lat' dir='ltr'>et</span> <span class='ocrx_word' id='word_1_196' title='bbox 650 1755 860 1795; x_wconf 81' lang='lat' dir='ltr'>bracteolae</span> <span class='ocrx_word' id='word_1_197' title='bbox 884 1756 1079 1806; x_wconf 81' lang='lat' dir='ltr'>oblongae.</span> 
     </span>
    </p>
   </div>
   <div class='ocr_carea' id='block_1_10' title="bbox 103 1877 1785 2170">
    <p class='ocr_par' dir='ltr' id='par_1_11' title="bbox 103 1877 1785 2170">
     <span class='ocr_line' id='line_1_25' title="bbox 162 1877 1784 1943; baseline 0.004 -19"><span class='ocrx_word' id='word_1_198' title='bbox 162 1880 221 1924; x_wconf 92' lang='lat' dir='ltr'>D.</span> <span class='ocrx_word' id='word_1_199' title='bbox 249 1879 578 1924; x_wconf 74' lang='lat' dir='ltr'>formosum</span> <span class='ocrx_word' id='word_1_200' title='bbox 601 1877 752 1935; x_wconf 87' lang='lat' dir='ltr'>(Boiss.</span> <span class='ocrx_word' id='word_1_201' title='bbox 791 1885 833 1922; x_wconf 87' lang='lat' dir='ltr'>et</span> <span class='ocrx_word' id='word_1_202' title='bbox 864 1878 990 1922; x_wconf 80' lang='lat' dir='ltr'>Huet.</span> <span class='ocrx_word' id='word_1_203' title='bbox 1021 1879 1169 1937; x_wconf 83' lang='lat' dir='ltr'>Diagn.</span> <span class='ocrx_word' id='word_1_204' title='bbox 1206 1881 1295 1925; x_wconf 89' lang='lat' dir='ltr'>Ser.</span> <span class='ocrx_word' id='word_1_205' title='bbox 1334 1883 1388 1937; x_wconf 80' lang='grc' dir='ltr'>ΙΙ,</span> <span class='ocrx_word' id='word_1_206' title='bbox 1422 1884 1470 1937; x_wconf 88' lang='lat' dir='ltr'>V,</span> <span class='ocrx_word' id='word_1_207' title='bbox 1506 1899 1546 1941; x_wconf 93' lang='lat' dir='ltr'>p.</span> <span class='ocrx_word' id='word_1_208' title='bbox 1584 1884 1656 1941; x_wconf 80' lang='grc'>13)</span> <span class='ocrx_word' id='word_1_209' title='bbox 1689 1886 1784 1943; x_wconf 87' lang='lat' dir='ltr'>pilis</span> 
     </span>
     <span class='ocr_line' id='line_1_26' title="bbox 104 1936 1784 1999; baseline 0.004 -19"><span class='ocrx_word' id='word_1_210' title='bbox 104 1937 366 1981; x_wconf 85' lang='lat' dir='ltr'>brevissimis</span> <span class='ocrx_word' id='word_1_211' title='bbox 391 1951 518 1995; x_wconf 91' lang='lat' dir='ltr'>parce</span> <span class='ocrx_word' id='word_1_212' title='bbox 551 1936 738 1980; x_wconf 77' lang='lat' dir='ltr'>obsitum</span> <span class='ocrx_word' id='word_1_213' title='bbox 770 1950 955 1994; x_wconf 91' lang='lat' dir='ltr'>superne</span> <span class='ocrx_word' id='word_1_214' title='bbox 986 1938 1207 1994; x_wconf 82' lang='lat' dir='ltr'>glabrum,</span> <span class='ocrx_word' id='word_1_215' title='bbox 1236 1941 1354 1984; x_wconf 84' lang='lat' dir='ltr'>caule</span> <span class='ocrx_word' id='word_1_216' title='bbox 1380 1943 1489 1985; x_wconf 85' lang='lat' dir='ltr'>elato</span> <span class='ocrx_word' id='word_1_217' title='bbox 1516 1945 1714 1999; x_wconf 83' lang='lat' dir='ltr'>angulato</span> <span class='ocrx_word' id='word_1_218' title='bbox 1742 1945 1784 1987; x_wconf 89' lang='lat' dir='ltr'>in</span> 
     </span>
     <span class='ocr_line' id='line_1_27' title="bbox 103 1994 1785 2054; baseline 0.004 -16"><span class='ocrx_word' id='word_1_219' title='bbox 103 1995 346 2052; x_wconf 90' lang='lat' dir='ltr'>paniculam</span> <span class='ocrx_word' id='word_1_220' title='bbox 362 1997 532 2051; x_wconf 84' lang='lat' dir='ltr'>longam</span> <span class='ocrx_word' id='word_1_221' title='bbox 559 1994 756 2049; x_wconf 85' lang='lat' dir='ltr'>abeunti,</span> <span class='ocrx_word' id='word_1_222' title='bbox 785 1995 895 2039; x_wconf 88' lang='lat' dir='ltr'>foliis</span> <span class='ocrx_word' id='word_1_223' title='bbox 921 1996 1264 2054; x_wconf 80' lang='lat' dir='ltr'>palmatipartitis</span> <span class='ocrx_word' id='word_1_224' title='bbox 1290 1999 1454 2043; x_wconf 89' lang='lat' dir='ltr'>laciniis</span> <span class='ocrx_word' id='word_1_225' title='bbox 1481 2008 1600 2044; x_wconf 81' lang='lat' dir='ltr'>acute</span> <span class='ocrx_word' id='word_1_226' title='bbox 1641 2002 1785 2046; x_wconf 89' lang='lat' dir='ltr'>incisis</span> 
     </span>
     <span class='ocr_line' id='line_1_28' title="bbox 107 2053 1785 2118; baseline 0.004 -22"><span class='ocrx_word' id='word_1_227' title='bbox 107 2053 384 2098; x_wconf 88' lang='lat' dir='ltr'>inferioribus</span> <span class='ocrx_word' id='word_1_228' title='bbox 410 2053 754 2110; x_wconf 83' lang='lat' dir='ltr'>divergentibuS,</span> <span class='ocrx_word' id='word_1_229' title='bbox 784 2054 946 2097; x_wconf 88' lang='lat' dir='ltr'>calcare</span> <span class='ocrx_word' id='word_1_230' title='bbox 973 2061 1088 2098; x_wconf 89' lang='lat' dir='ltr'>recto</span> <span class='ocrx_word' id='word_1_231' title='bbox 1115 2055 1269 2112; x_wconf 90' lang='lat' dir='ltr'>sepalis</span> <span class='ocrx_word' id='word_1_232' title='bbox 1295 2057 1452 2113; x_wconf 85' lang='lat' dir='ltr'>glabris</span> <span class='ocrx_word' id='word_1_233' title='bbox 1479 2059 1687 2114; x_wconf 89' lang='lat' dir='ltr'>breviori,</span> <span class='ocrx_word' id='word_1_234' title='bbox 1712 2075 1785 2118; x_wconf 92' lang='lat' dir='ltr'>pe-</span> 
     </span>
     <span class='ocr_line' id='line_1_29' title="bbox 108 2110 1262 2170; baseline 0.001 -15"><span class='ocrx_word' id='word_1_235' title='bbox 108 2111 203 2155; x_wconf 84' lang='lat' dir='ltr'>talis</span> <span class='ocrx_word' id='word_1_236' title='bbox 229 2112 429 2156; x_wconf 89' lang='lat' dir='ltr'>omnibus</span> <span class='ocrx_word' id='word_1_237' title='bbox 455 2110 824 2165; x_wconf 84' lang='lat' dir='ltr'>aureo-barbatiS,</span> <span class='ocrx_word' id='word_1_238' title='bbox 854 2112 999 2156; x_wconf 89' lang='lat' dir='ltr'>ovario</span> <span class='ocrx_word' id='word_1_239' title='bbox 1024 2113 1172 2170; x_wconf 84' lang='lat' dir='ltr'>glabro</span> <span class='ocrx_word' id='word_1_240' title='bbox 1202 2121 1239 2163; x_wconf 68' lang='lat'>26</span> <span class='ocrx_word' id='word_1_241' title='bbox 1254 2149 1262 2156; x_wconf 92' lang='lat'>.</span> 
     </span>
    </p>
   </div>
   <div class='ocr_carea' id='block_1_11' title="bbox 112 2181 1788 2473">
    <p class='ocr_par' dir='ltr' id='par_1_12' title="bbox 127 2181 1788 2279">
     <span class='ocr_line' id='line_1_30' title="bbox 127 2181 1788 2278; baseline 0.004 -59"><span class='ocrx_word' id='word_1_242' title='bbox 127 2181 271 2278; x_wconf 56' lang='lat' dir='ltr'>HHab.</span> <span class='ocrx_word' id='word_1_243' title='bbox 310 2182 350 2220; x_wconf 90' lang='lat' dir='ltr'>in</span> <span class='ocrx_word' id='word_1_244' title='bbox 388 2181 575 2220; x_wconf 69' lang='lat' dir='ltr'>Armenia</span> <span class='ocrx_word' id='word_1_245' title='bbox 609 2181 781 2220; x_wconf 68' lang='lat' dir='ltr'>ancica</span> <span class='ocrx_word' id='word_1_246' title='bbox 812 2182 864 2220; x_wconf 89' lang='lat' dir='ltr'>ad</span> <span class='ocrx_word' id='word_1_247' title='bbox 898 2181 1172 2221; x_wconf 85' lang='lat' dir='ltr'>Maadenkhan</span> <span class='ocrx_word' id='word_1_248' title='bbox 1205 2183 1305 2222; x_wconf 85' lang='lat' dir='ltr'>inter</span> <span class='ocrx_word' id='word_1_249' title='bbox 1329 2184 1515 2224; x_wconf 88' lang='lat' dir='ltr'>Erzerum</span> <span class='ocrx_word' id='word_1_250' title='bbox 1549 2190 1587 2225; x_wconf 88' lang='lat' dir='ltr'>et</span> <span class='ocrx_word' id='word_1_251' title='bbox 1622 2187 1788 2226; x_wconf 86' lang='lat' dir='ltr'>Baibout</span> 
     </span>
     <span class='ocr_line' id='line_1_31' title="bbox 165 2243 301 2279; baseline 0 0"><span class='ocrx_word' id='word_1_252' title='bbox 165 2243 255 2279; x_wconf 83' lang='lat' dir='ltr'>uet.</span> <span class='ocrx_word' id='word_1_253' title='bbox 292 2269 301 2279; x_wconf 95' lang='lat'>.</span> 
     </span>
    </p>

    <p class='ocr_par' dir='ltr' id='par_1_13' title="bbox 112 2237 1787 2473">
     <span class='ocr_line' id='line_1_32' title="bbox 112 2237 1787 2360; baseline 0.004 -16"><span class='ocrx_word' id='word_1_254' title='bbox 112 2237 124 2293; x_wconf 79' lang='lat'>(</span> <span class='ocrx_word' id='word_1_255' title='bbox 172 2306 208 2344; x_wconf 90' lang='lat' dir='ltr'>A</span> <span class='ocrx_word' id='word_1_256' title='bbox 233 2240 383 2346; x_wconf 75' lang='lat' dir='ltr'>du)obus</span> <span class='ocrx_word' id='word_1_257' title='bbox 405 2305 716 2355; x_wconf 82' lang='lat' dir='ltr'>praecedentibus</span> <span class='ocrx_word' id='word_1_258' title='bbox 742 2308 781 2343; x_wconf 89' lang='lat' dir='ltr'>et</span> <span class='ocrx_word' id='word_1_259' title='bbox 805 2306 909 2344; x_wconf 89' lang='lat' dir='ltr'>omni</span> <span class='ocrx_word' id='word_1_260' title='bbox 933 2319 1055 2357; x_wconf 81' lang='lat' dir='ltr'>grege</span> <span class='ocrx_word' id='word_1_261' title='bbox 1089 2306 1132 2345; x_wconf 87' lang='lat' dir='ltr'>D.</span> <span class='ocrx_word' id='word_1_262' title='bbox 1165 2307 1258 2346; x_wconf 76' lang='lat' dir='ltr'>elati</span> <span class='ocrx_word' id='word_1_263' title='bbox 1289 2311 1330 2347; x_wconf 85' lang='lat' dir='ltr'>ut</span> <span class='ocrx_word' id='word_1_264' title='bbox 1354 2313 1393 2347; x_wconf 92' lang='lat' dir='ltr'>et</span> <span class='ocrx_word' id='word_1_265' title='bbox 1414 2321 1438 2347; x_wconf 84' lang='lat' dir='ltr'>a</span> <span class='ocrx_word' id='word_1_266' title='bbox 1467 2309 1510 2348; x_wconf 87' lang='lat' dir='ltr'>D.</span> <span class='ocrx_word' id='word_1_267' title='bbox 1535 2312 1700 2360; x_wconf 74' lang='lat' dir='ltr'>specioso</span> <span class='ocrx_word' id='word_1_268' title='bbox 1724 2323 1787 2360; x_wconf 89' lang='lat' dir='ltr'>pe-</span> 
     </span>
     <span class='ocr_line' id='line_1_33' title="bbox 114 2364 1786 2416; baseline 0.004 -13"><span class='ocrx_word' id='word_1_269' title='bbox 114 2366 203 2403; x_wconf 85' lang='lat' dir='ltr'>talis</span> <span class='ocrx_word' id='word_1_270' title='bbox 221 2365 488 2415; x_wconf 83' lang='lat' dir='ltr'>superioribus</span> <span class='ocrx_word' id='word_1_271' title='bbox 511 2364 685 2403; x_wconf 80' lang='lat' dir='ltr'>barbatis</span> <span class='ocrx_word' id='word_1_272' title='bbox 707 2364 954 2416; x_wconf 81' lang='lat' dir='ltr'>distinctum3</span> <span class='ocrx_word' id='word_1_273' title='bbox 978 2367 1028 2404; x_wconf 87' lang='lat' dir='ltr'>ab</span> <span class='ocrx_word' id='word_1_274' title='bbox 1045 2366 1121 2404; x_wconf 89' lang='lat' dir='ltr'>hoc</span> <span class='ocrx_word' id='word_1_275' title='bbox 1139 2367 1297 2415; x_wconf 86' lang='lat' dir='ltr'>insuper</span> <span class='ocrx_word' id='word_1_276' title='bbox 1319 2367 1542 2407; x_wconf 86' lang='lat' dir='ltr'>indumento</span> <span class='ocrx_word' id='word_1_277' title='bbox 1568 2374 1607 2408; x_wconf 86' lang='lat' dir='ltr'>et</span> <span class='ocrx_word' id='word_1_278' title='bbox 1629 2370 1786 2409; x_wconf 84' lang='lat' dir='ltr'>floribus</span> 
     </span>
     <span class='ocr_line' id='line_1_34' title="bbox 116 2422 996 2473; baseline -0.001 -10"><span class='ocrx_word' id='word_1_279' title='bbox 116 2424 330 2463; x_wconf 80' lang='lat' dir='ltr'>minoribus</span> <span class='ocrx_word' id='word_1_280' title='bbox 351 2424 511 2473; x_wconf 77' lang='lat' dir='ltr'>magnit.</span> <span class='ocrx_word' id='word_1_281' title='bbox 536 2422 582 2462; x_wconf 78' lang='lat' dir='ltr'>D.</span> <span class='ocrx_word' id='word_1_282' title='bbox 605 2423 829 2463; x_wconf 74' lang='lat' dir='ltr'>intermedii</span> <span class='ocrx_word' id='word_1_283' title='bbox 853 2424 996 2463; x_wconf 87' lang='lat' dir='ltr'>differt.</span> 
     </span>
    </p>
   </div>
   <div class='ocr_carea' id='block_1_12' title="bbox 123 2581 1799 2920">
    <p class='ocr_par' dir='ltr' id='par_1_14' title="bbox 123 2581 1799 2920">
     <span class='ocr_line' id='line_1_35' title="bbox 179 2581 1794 2642; baseline -0.002 -11"><span class='ocrx_word' id='word_1_284' title='bbox 179 2588 239 2631; x_wconf 92' lang='lat' dir='ltr'>D.</span> <span class='ocrx_word' id='word_1_285' title='bbox 268 2585 604 2642; x_wconf 83' lang='lat' dir='ltr'>speciosum</span> <span class='ocrx_word' id='word_1_286' title='bbox 635 2582 739 2639; x_wconf 90' lang='grc' dir='ltr'><strong>(ΜΒ.</strong></span> <span class='ocrx_word' id='word_1_287' title='bbox 775 2583 901 2628; x_wconf 88' lang='lat' dir='ltr'>Taur.</span> <span class='ocrx_word' id='word_1_288' title='bbox 946 2583 1070 2627; x_wconf 90' lang='lat' dir='ltr'>Cauc.</span> <span class='ocrx_word' id='word_1_289' title='bbox 1112 2581 1166 2636; x_wconf 86' lang='grc' dir='ltr'>ΙΙ,</span> <span class='ocrx_word' id='word_1_290' title='bbox 1200 2596 1240 2639; x_wconf 90' lang='lat' dir='ltr'>p.</span> <span class='ocrx_word' id='word_1_291' title='bbox 1280 2581 1354 2639; x_wconf 68' lang='lat'>12)</span> <span class='ocrx_word' id='word_1_292' title='bbox 1382 2589 1515 2627; x_wconf 84' lang='lat' dir='ltr'>totum</span> <span class='ocrx_word' id='word_1_293' title='bbox 1548 2584 1794 2628; x_wconf 80' lang='lat' dir='ltr'>indumento</span> 
     </span>
     <span class='ocr_line' id='line_1_36' title="bbox 123 2641 1795 2702; baseline -0.001 -14"><span class='ocrx_word' id='word_1_294' title='bbox 123 2644 239 2689; x_wconf 86' lang='lat' dir='ltr'>brevi</span> <span class='ocrx_word' id='word_1_295' title='bbox 266 2644 406 2702; x_wconf 90' lang='lat' dir='ltr'>crispo</span> <span class='ocrx_word' id='word_1_296' title='bbox 432 2641 938 2695; x_wconf 79' lang='lat' dir='ltr'>tomentello-cinereum,</span> <span class='ocrx_word' id='word_1_297' title='bbox 973 2642 1092 2685; x_wconf 89' lang='lat' dir='ltr'>caule</span> <span class='ocrx_word' id='word_1_298' title='bbox 1119 2641 1227 2684; x_wconf 80' lang='lat' dir='ltr'>elato</span> <span class='ocrx_word' id='word_1_299' title='bbox 1253 2641 1451 2697; x_wconf 79' lang='lat' dir='ltr'>angulato</span> <span class='ocrx_word' id='word_1_300' title='bbox 1477 2642 1594 2699; x_wconf 88' lang='lat' dir='ltr'>apice</span> <span class='ocrx_word' id='word_1_301' title='bbox 1621 2643 1795 2699; x_wconf 90' lang='lat' dir='ltr'>panicu-</span> 
     </span>
     <span class='ocr_line' id='line_1_37' title="bbox 123 2698 1795 2759; baseline -0.002 -13"><span class='ocrx_word' id='word_1_302' title='bbox 123 2703 230 2757; x_wconf 87' lang='lat' dir='ltr'>lato‚</span> <span class='ocrx_word' id='word_1_303' title='bbox 264 2701 374 2746; x_wconf 85' lang='lat' dir='ltr'>foliis</span> <span class='ocrx_word' id='word_1_304' title='bbox 413 2699 757 2759; x_wconf 76' lang='lat' dir='ltr'>palmatipartitis</span> <span class='ocrx_word' id='word_1_305' title='bbox 788 2700 954 2745; x_wconf 90' lang='lat' dir='ltr'>laciniis</span> <span class='ocrx_word' id='word_1_306' title='bbox 985 2706 1104 2742; x_wconf 78' lang='lat' dir='ltr'>acute</span> <span class='ocrx_word' id='word_1_307' title='bbox 1142 2698 1286 2741; x_wconf 89' lang='lat' dir='ltr'>incisis</span> <span class='ocrx_word' id='word_1_308' title='bbox 1321 2699 1595 2743; x_wconf 85' lang='lat' dir='ltr'>inferioribus</span> <span class='ocrx_word' id='word_1_309' title='bbox 1622 2715 1706 2743; x_wconf 92' lang='lat' dir='ltr'>non</span> <span class='ocrx_word' id='word_1_310' title='bbox 1732 2701 1795 2743; x_wconf 90' lang='lat' dir='ltr'>di-</span> 
     </span>
     <span class='ocr_line' id='line_1_38' title="bbox 123 2756 1797 2818; baseline -0.002 -13"><span class='ocrx_word' id='word_1_311' title='bbox 123 2759 423 2818; x_wconf 84' lang='lat' dir='ltr'>vergentibus,</span> <span class='ocrx_word' id='word_1_312' title='bbox 451 2759 613 2803; x_wconf 89' lang='lat' dir='ltr'>calcare</span> <span class='ocrx_word' id='word_1_313' title='bbox 639 2756 758 2814; x_wconf 88' lang='lat' dir='ltr'>apice</span> <span class='ocrx_word' id='word_1_314' title='bbox 791 2759 966 2803; x_wconf 91' lang='lat' dir='ltr'>incurvo</span> <span class='ocrx_word' id='word_1_315' title='bbox 998 2757 1140 2814; x_wconf 87' lang='lat' dir='ltr'>sepala</span> <span class='ocrx_word' id='word_1_316' title='bbox 1175 2762 1412 2800; x_wconf 79' lang='lat' dir='ltr'>tomentosa</span> <span class='ocrx_word' id='word_1_317' title='bbox 1447 2758 1653 2814; x_wconf 79' lang='lat' dir='ltr'>aequanti,</span> <span class='ocrx_word' id='word_1_318' title='bbox 1683 2765 1797 2815; x_wconf 84' lang='lat' dir='ltr'>peta-</span> 
     </span>
     <span class='ocr_line' id='line_1_39' title="bbox 126 2814 1799 2874; baseline -0.002 -13"><span class='ocrx_word' id='word_1_319' title='bbox 126 2819 179 2863; x_wconf 92' lang='lat' dir='ltr'>lis</span> <span class='ocrx_word' id='word_1_320' title='bbox 204 2833 253 2862; x_wconf 88' lang='lat' dir='ltr'>su</span> <span class='ocrx_word' id='word_1_321' title='bbox 285 2831 345 2861; x_wconf 88' lang='lat' dir='ltr'>er.</span> <span class='ocrx_word' id='word_1_322' title='bbox 376 2816 561 2874; x_wconf 83' lang='lat' dir='ltr'>glabris,</span> <span class='ocrx_word' id='word_1_323' title='bbox 589 2814 734 2859; x_wconf 87' lang='lat' dir='ltr'>ovario</span> <span class='ocrx_word' id='word_1_324' title='bbox 768 2822 1007 2861; x_wconf 86' lang='lat' dir='ltr'>tomentoso</span> <span class='ocrx_word' id='word_1_325' title='bbox 1040 2823 1099 2863; x_wconf 73' lang='lat'>26.</span> <span class='ocrx_word' id='word_1_326' title='bbox 1123 2814 1177 2857; x_wconf 86' lang='lat' dir='ltr'>lc.</span> <span class='ocrx_word' id='word_1_327' title='bbox 1206 2814 1364 2858; x_wconf 88' lang='lat' dir='ltr'>Deless.</span> <span class='ocrx_word' id='word_1_328' title='bbox 1394 2815 1477 2858; x_wconf 83' lang='lat' dir='ltr'>tab.</span> <span class='ocrx_word' id='word_1_329' title='bbox 1510 2814 1579 2857; x_wconf 71' lang='lat'>62.</span> <span class='ocrx_word' id='word_1_330' title='bbox 1610 2816 1661 2859; x_wconf 89' lang='lat' dir='ltr'>D.</span> <span class='ocrx_word' id='word_1_331' title='bbox 1680 2817 1799 2858; x_wconf 83' lang='lat' dir='ltr'>Bois-</span> 
     </span>
     <span class='ocr_line' id='line_1_40' title="bbox 127 2831 776 2920; baseline -0.006 0"><span class='ocrx_word' id='word_1_332' title='bbox 127 2876 229 2920; x_wconf 81' lang='lat' dir='ltr'>sieri</span> <span class='ocrx_word' id='word_1_333' title='bbox 254 2831 408 2919; x_wconf 55' lang='lat' dir='ltr'>fiuhse.</span> <span class='ocrx_word' id='word_1_334' title='bbox 437 2874 557 2917; x_wconf 85' lang='lat' dir='ltr'>Aufz.</span> <span class='ocrx_word' id='word_1_335' title='bbox 589 2873 673 2917; x_wconf 81' lang='lat' dir='ltr'>tab.</span> <span class='ocrx_word' id='word_1_336' title='bbox 706 2874 776 2916; x_wconf 81' lang='grc'>11.</span> 
     </span>
    </p>
   </div>
  </div>
 </body>
</html>
