2021 3235
919 165 1003 208 775

122 255 471 303 amplexicaulinus
494 256 533 291 et
555 254 714 291 ramulis
740 255 789 293 ob
808 254 902 292 folia
919 255 1109 302 adpressa
1125 255 1290 293 tenuiter
1312 257 1545 304 cylindricis.
1576 259 1611 297 T.
1630 259 1799 300 Arabica

122 315 204 363 Bge
227 314 252 352 l.
279 314 346 352 cit.
386 325 433 351 ex
456 313 606 351 Arabia
641 313 746 352 felici
783 318 820 351 et
850 314 936 350 i-leo
972 313 1007 349 in
1035 317 1203 351 nostram
1227 314 1382 352 Floram
1408 328 1481 354 non
1505 324 1661 366 recepta
1685 320 1799 358 habet

122 385 275 423 quoque
298 373 394 412 folia
419 372 719 421 amplexicaulia
741 368 808 410 sed
840 374 964 421 magis
989 374 1122 420 patula
1148 380 1184 411 et
1205 377 1395 421 praeterea
1416 376 1621 415 filamentis
1643 379 1800 416 sinubus

121 433 280 472 alternis
302 433 398 471 disci
422 430 480 471 10
505 432 652 471 crenati
676 432 833 470 insertis
859 436 919 470 sat
943 432 1097 470 differre
1121 433 1286 471 videtur.

443 588 466 609 a
499 587 521 609 ÷÷
551 588 663 626 Folia
688 589 1087 637 semiamplexicaulia
1112 591 1171 627 vel
1194 591 1277 628 basi
1304 592 1477 629 cordata.

179 695 233 737 T.
262 693 677 738 arceuthoides
706 694 807 750 (Bge
836 695 876 736 in
903 695 1048 737 Lehm.
1071 703 1118 737 n⁰
1134 695 1238 751 495)
1268 696 1411 752 glabra
1440 697 1600 751 viridis,
1632 700 1802 741 ramulis

121 751 360 795 hornotinis
389 751 536 808 rigidis
564 752 785 805 tortuosis,
815 753 925 796 foliis
954 754 1436 810 semiamplexicaulibus
1464 756 1647 799 breviter
1675 758 1803 799 ovatis

121 811 254 855 acutis
282 810 789 868 imbricato-adpressis,
830 812 1010 856 racemis
1046 812 1301 855 abbreviatis
1329 813 1470 857 densis
1498 815 1539 856 in
1568 815 1802 871 paniculain

120 870 379 912 bracteatum
406 870 636 926 congestis,
667 870 849 913 bracteis
877 885 898 914 e
926 871 1015 914 basi
1044 874 1163 914 ovata
1191 872 1396 916 subulatis
1424 873 1647 928 pedicellos
1665 875 1803 930 calyce

120 929 252 971 multo
294 928 510 971 breviores
561 929 938 986 subaequantibus,
993 930 1140 986 petalis
1181 930 1399 986 ellipticis‚
1453 931 1557 974 disci
1598 932 1804 988 profunde

120 986 397 1044 quinquelobi
434 987 542 1030 lobis
570 989 700 1031 ovatis
744 988 983 1031 rotundatis
1019 988 1197 1031 sinubus
1224 988 1438 1032 filamenta
1474 989 1563 1032 basi
1592 990 1804 1033 filisormia

120 1046 445 1103 excipientibus,
474 1046 664 1090 antheris
692 1046 879 1101 muticis,
910 1047 1027 1105 stylis
1054 1046 1080 1090 3
1108 1047 1298 1091 obovatis
1325 1048 1578 1091 abbreviatis
1604 1054 1643 1100 5.

177 1119 276 1158 Hab.
301 1131 414 1157 secus
436 1118 595 1157 fluvium
621 1119 857 1158 Sarafschan
879 1120 926 1157 ad
950 1123 1118 1157 montem
1136 1120 1311 1158 Karatau
1329 1120 1601 1158 Turkestaniae
1616 1119 1802 1169 (Lehml).

177 1187 318 1226 Facies
345 1187 382 1226 T.
408 1187 577 1227 Pallasiz·
600 1188 669 1226 sed
693 1191 835 1237 praeter
857 1188 987 1237 petala
1012 1188 1177 1227 decidua
1202 1188 1299 1227 disci
1323 1188 1576 1226 conformatio
1602 1189 1741 1226 aliena.

174 1345 229 1388 T.
256 1344 509 1388 Nilotica
544 1343 749 1400 (Ehrenb.
789 1342 940 1386 Sched.
981 1341 1110 1385 Herb.
1151 1341 1317 1394 BeroL,
1348 1341 1429 1397 Bge
1458 1343 1483 1384 l.
1522 1342 1612 1395 cit.)
1639 1343 1799 1397 glabra,

117 1403 389 1459 glaucescens
415 1403 477 1445 vel
506 1401 668 1455 viridis,
698 1402 810 1446 foliis
836 1400 1319 1457 semiamplexicaulibus
1346 1400 1477 1444 ovatis
1493 1401 1553 1443 vel
1574 1400 1802 1443 deltoideo-

118 1460 301 1504 cordatis
329 1460 463 1504 acutis
491 1468 667 1504 erecto·
685 1460 864 1518 patulis,
895 1459 1076 1503 racemis
1103 1458 1240 1514 longis
1267 1458 1518 1516 paniculatis
1546 1458 1799 1511 laxiusculis,

117 1519 300 1563 bracteis
326 1519 554 1576 pedicellos
581 1521 722 1578 calyce
750 1519 967 1563 breviores
994 1517 1320 1574 superantibus,
1355 1517 1503 1574 petalis
1530 1517 1801 1561 obovato-ob-

117 1578 253 1633 longis
270 1614 279 1631 ,
308 1578 534 1622 filamentis
562 1578 652 1622 basi
680 1578 869 1622 filiformi
896 1577 1000 1621 disci
1028 1576 1331 1633 subzequaliter
1358 1574 1413 1618 10
1440 1575 1598 1619 crenati
1626 1575 1801 1618 sinubus

118 1637 470 1695 profundioribus
506 1637 704 1692 insertis,
743 1636 932 1680 antheris
959 1634 1142 1679 cordatis
1179 1634 1422 1690 apiculatis,
1461 1634 1577 1689 stylis
1604 1633 1802 1677 obovato-

119 1695 314 1752 oblongis
341 1696 518 1740 dimidio
546 1697 690 1740 ovario
718 1696 987 1740 brevioribus
1014 1704 1052 1746 5.
1091 1694 1133 1736 Τ.
1158 1693 1322 1737 Gallica
1346 1707 1430 1734 var.
1454 1684 1635 1735 Nilotica
1655 1701 1691 1735 ct
1712 1706 1796 1735 var.

119 1754 414 1812 heterophylla
439 1755 539 1798 Ellr.
571 1757 652 1799 loc.
684 1755 754 1798 cit.
785 1770 827 1813 p.
858 1754 943 1797 0269
971 1761 1010 1798 et
1037 1751 1136 1798 270.

178 1825 280 1864 Hab.
309 1825 346 1862 in
371 1825 548 1874 AEgypto
576 1826 706 1864 media
728 1826 776 1863 ad
801 1825 924 1863 Gizeh
943 1829 982 1862 et
1007 1822 1196 1861 Fax-soluit
1215 1817 1369 1876 (El1r!),
1393 1821 1440 1858 ad
1465 1818 1799 1872 Benisoueffflra-

118 1884 222 1934 lik!).
247 1886 296 1924 ad
320 1885 465 1922 Minieh
486 1886 670 1934 (Samarit
686 1884 727 1933 l),
756 1886 793 1922 in
814 1885 988 1934 AEgypto
1014 1882 1204 1931 superiori
1228 1893 1350 1929 prope
1373 1880 1538 1927 Syenem
1561 1878 1734 1931 (Elirenb
1755 1881 1794 1926 ἵ).

177 1952 316 1990 Facies
345 1952 380 1990 T.
411 1950 571 1992 Gallicae
596 1966 615 1990 a
640 1955 717 2002 qua
742 1952 869 1989 differt
894 1951 992 1988 disci
1016 1949 1320 1988 conformatione
1340 1952 1376 1985 et
1393 1947 1596 1984 filamentis
1616 1947 1699 1985 basi
1719 1958 1794 1983 non

121 2012 304 2050 dilatatis.
332 2013 467 2050 Petala.
494 2009 570 2065 '‘'sw
596 2013 665 2051 lin.
694 2013 822 2061 longa,
850 2011 1011 2059 capsula
1033 2010 1098 2046 vix
1122 2007 1150 2047 2
1173 2009 1294 2045 lineas
1320 2007 1449 2055 longa.

179 2076 254 2116 Ar.
288 2077 446 2128 Geogr.
480 2079 624 2130 Nubia,
652 2078 878 2128 Abyssinia.

177 2236 231 2279 T.
260 2237 550 2281 manifera
575 2235 779 2292 (Ehrenb.
810 2234 958 2277 Sched.
991 2232 1111 2274 berb.
1143 2230 1299 2279 Berol.,
1330 2225 1624 2293 Bungebcit
1655 2223 1796 2288 1³:⁶3)

122 2296 271 2352 glauca
296 2295 443 2351 glabra
470 2297 533 2338 vel
561 2294 1018 2351 albo-pulverulenta,
1057 2289 1185 2332 ramis
1214 2287 1432 2350 rigidulis,
1468 2285 1576 2349 tolus
1604 2295 1800 2345 sennan]-

122 2353 426 2411 plcxicaulibus
453 2352 823 2397 ovato—deltoideis
851 2350 1011 2402 acutis,
1052 2346 1228 2391 racemis
1254 2343 1531 2409 breviusculis
1559 2342 1700 2404 densis
1727 2354 1799 2396 pa—

123 2412 309 2456 tentibus
328 2449 337 2465 ,
381 2413 562 2455 bracteis
604 2411 737 2455 acutis
779 2410 1007 2468 pedicellos
1050 2407 1186 2462 calyce
1226 2406 1439 2468 longiores
1484 2398 1797 2466 superantibus,

123 2471 270 2527 petalis
296 2470 692 2524 obovato-oblongis
718 2468 808 2512 basi
836 2466 1079 2519 attenuatis,
1107 2463 1208 2507 disci
1238 2462 1343 2525 lolii—s
1371 2459 1396 2502 5
1420 2466 1571 2522 retusis
1589 2457 1801 2520 illamenta

123 2529 214 2572 basi
250 2529 421 2573 dilatata
457 2524 791 2587 excipientibus,
829 2525 1018 2569 antheris
1054 2522 1380 2584 subapiculatis,
1418 2518 1534 2585 stylis
1561 2515 1586 2558 3
1613 2515 1800 2578 oboratis

123 2588 253 2631 ovarii
272 2589 469 2632 trientem
490 2587 758 2645 aequantibus
776 2592 814 2637 5.
842 2586 885 2628 T.
911 2583 1078 2627 Gallica
1094 2594 1181 2623 var.
1202 2578 1445 2632 manuisum
1470 2573 1652 2617 hhrvnb.
1679 2573 1796 2614 Linn.

125 2645 255 2701 1827,
284 2662 324 2705 p.
356 2647 454 2692 270.
1575 2702 1580 2708 ¹

184 2718 282 2756 Hal).
307 2719 345 2755 in
371 2720 525 2757 deserto
554 2718 722 2755 Arabico
748 2714 912 2762 AEgypti
935 2711 1148 2759 superioris
1184 2699 1381 2759 (Hussonl
1402 2704 1436 2752 ),
1463 2703 1618 2740 Arabuae
1651 2700 1798 2736 Pctrcae

125 2777 308 2826 (Ehrenb.
335 2777 463 2815 Bove!
490 2778 662 2825 Schimp.
691 2788 772 2813 eXS.
801 2771 888 2812 229
906 2771 914 2810 !
934 2773 968 2821 ),
996 2770 1137 2807 Persiae
1160 2766 1341 2804 australis
1360 2764 1408 2800 ad
1432 2762 1589 2799 Scliiraz
1613 2759 1691 2806 (Ky
1708 2750 1738 2806 l)
1764 2762 1801 2793 et

125 2837 174 2874 ad
208 2837 341 2875 Sinum
371 2838 569 2875 Persicum
604 2833 744 2891 (Aueh.
771 2846 851 2871 exe.
875 2830 1067 2877 45101),
1104 2829 1202 2864 inter
1234 2823 1400 2871 Ispahan
1422 2827 1458 2858 ct
1482 2819 1663 2857 Tchcrau
1689 2823 1726 2853 et
1748 2816 1795 2853 ad

127 2894 321 2935 Ghabloise
345 2896 499 2946 (Bunge
513 2896 558 2945 O,
585 2897 623 2932 in
654 2893 858 2942 Affghania
883 2881 1054 2941 (Gi-iifl).

187 2963 308 3002 Valde
333 2965 459 3002 affinis
482 2964 730 3012 praecedenti,
755 2960 873 2999 veluti
896 2958 1009 3007 hujus
1035 2956 1159 2992 forma
1181 2952 1285 2989 salsa
1306 2948 1419 2986 valde
1444 2947 1593 2994 glauca.
