2021 3235
895 116 979 160 519

94 215 188 259 latis
214 214 396 271 calycem
424 225 575 268 parum
602 209 902 254 excedentibus
939 209 1008 264 (2).
1057 206 1320 264 Gypsophila
1344 206 1612 249 Eubonensz's
1639 205 1772 250 Sibth.

96 275 190 318 Mss.
220 272 265 315 in
292 271 412 314 herb.
443 269 606 313 Bancks
633 283 681 311 ex
706 267 828 311 Guss.

154 335 253 373 Hab.
277 334 316 372 in
340 333 492 372 Graecia
514 332 579 383 (ex
595 331 735 379 Sibth.)
758 330 826 369 sed
851 329 941 367 mihi
963 329 1080 367 dubia
1105 328 1200 366 civis
1225 331 1374 366 tantum
1398 340 1445 366 ex
1470 329 1702 366 auctoritate
1729 328 1776 366 cl.

96 395 273 434 Gussone
297 393 360 432 hic
385 393 516 430 citata.

154 454 293 492 Differt
314 464 336 489 a
357 451 666 500 praecedentibus
694 450 868 489 caulibus
892 446 969 488 5-6
994 448 1261 497 pollicaribus,
1283 447 1444 486 floribus
1472 446 1630 485 dimidio
1659 449 1776 486 mino-

96 514 200 552 ribus
223 515 261 550 et
292 511 472 550 dentibus
496 511 682 560 calycinis
704 508 913 548 trinerviis.

152 571 227 611 Ar.
261 576 419 621 Geogr.
452 570 586 609 Sicilia
608 568 823 620 (Gasparrl
849 567 1104 619 Lereschel).

695 710 718 732 ἃ
751 710 773 732 ³*
806 710 945 748 Flores
968 709 1146 748 solitarii.

152 837 206 879 T.
224 834 466 890 Syriaca
493 832 644 888 (Boiss.
675 832 823 889 Diagn.
855 831 944 874 Ser.
968 831 1001 883 l,
1023 831 1131 884 Vlll,
1163 845 1202 886 p.
1225 829 1297 881 63>
1325 830 1472 886 glabra
1500 829 1663 882 viridis,
1693 829 1782 872 basi

99 893 396 937 suffrutescens
432 891 714 944 multicaulis‚
752 890 945 934 caulibus
972 889 1244 933 filiformibus
1272 889 1421 945 rigidis
1449 887 1656 931 scabridis
1684 888 1783 930 sub-

99 951 358 1009 simplicibus
385 949 597 1003 unissoris,
626 949 736 993 foliis
764 956 941 1005 anguste
971 947 1368 1005 lineari-triquetris
1395 946 1531 990 acutis
1559 946 1782 989 scabridu-

98 1011 163 1063 lis,
207 1009 383 1053 caulinis
426 1008 583 1052 strictis
623 1008 903 1061 brevissimis,
947 1007 1153 1050 involucri
1191 1007 1344 1065 phyllis
1381 1005 1620 1049 numerosis
1652 1005 1780 1063 calyci

93 1067 425 1126 subaequilongis
466 1075 644 1124 anguste
684 1067 929 1110 lanceolatis
972 1066 1230 1109 acutissimis
1272 1079 1402 1109 nervo
1447 1065 1577 1108 rubro
1620 1078 1780 1117 crasso,

92 1129 231 1185 calyce
258 1127 309 1170 ad
345 1134 540 1184 quartam
574 1134 737 1183 partem
772 1126 811 1168 in
847 1126 995 1168 dentes
1029 1125 1235 1181 oblongos
1269 1125 1444 1168 obtusos
1476 1137 1606 1166 nervo
1639 1137 1781 1166 crasso

90 1199 315 1244 percursos
342 1186 459 1239 fisso,
489 1186 646 1229 lamina
675 1188 797 1228 rosea
824 1184 974 1227 lineari
1003 1183 1170 1241 integra
1199 1185 1268 1240 (ᾗ).

148 1258 246 1296 Hab.
272 1258 310 1294 in
333 1258 495 1305 rupibus
519 1269 619 1305 pone
645 1257 891 1295 Antiochiam
916 1256 1041 1305 Syriae
1064 1252 1191 1309 (Boiss
1208 1255 1252 1307 !).
1278 1255 1336 1294 Fl.
1361 1257 1436 1293 fine
1460 1255 1576 1293 Junii.

149 1324 287 1363 Cautes
312 1323 388 1366 6-8
413 1326 644 1373 pollicares,
684 1327 854 1363 bracteae
877 1323 1011 1371 840,
1039 1327 1154 1375 calyx
1177 1321 1206 1363 4
1231 1325 1354 1362 lineas
1377 1325 1531 1372 longus.
1558 1323 1781 1372 specimina

85 1384 243 1434 juniora
269 1388 416 1424 tantum
440 1386 534 1423 vidi.

147 1514 201 1557 Τ.
235 1514 540 1570 saxifraga
568 1514 631 1570 (L.
664 1513 785 1571 Spec.
816 1512 902 1557 584
928 1514 1005 1556 sub
1041 1512 1328 1570 Gypsophild)
1365 1511 1622 1554 multicaulis
1649 1510 1780 1554 cauli-

89 1572 167 1615 bus
194 1572 521 1616 ascendentibus
547 1573 610 1615 vel
638 1572 802 1615 diffusis
828 1572 1103 1630 paniculatis,
1141 1571 1251 1615 soliis
1288 1570 1496 1615 scabridis
1524 1578 1703 1627 anguste
1731 1570 1779 1613 li-

89 1631 290 1674 nearibus
319 1631 452 1675 acutis
470 1667 479 1684 ,
518 1631 676 1689 phyllis*
708 1631 906 1675 scariosis
933 1632 1074 1688 calyce
1102 1629 1370 1674 brevioribus
1397 1630 1779 1685 oblongo-lanceo-

89 1690 184 1733 latis
210 1704 340 1734 nervo
366 1690 504 1733 valido
523 1690 801 1744 mucronatis,
822 1690 974 1748 calycis
993 1689 1278 1747 campanulati
1296 1688 1496 1732 dentibus
1514 1688 1782 1744 triangulari-

90 1748 219 1792 ovatis
246 1749 407 1793 obtusis
435 1748 649 1792 trinerviis
676 1748 817 1792 nervis
845 1748 1091 1792 lateralibus
1111 1747 1453 1801 obscurioribus,
1482 1746 1639 1791 lamina
1660 1752 1779 1790 rosea

90 1807 204 1851 brevi
241 1811 383 1851 retusa
419 1809 482 1851 vel
524 1812 671 1862 erosa,
716 1808 951 1852 seminibus
990 1807 1340 1865 cymbiformibus
1381 1815 1441 1856 26.
1484 1807 1529 1850 T.
1558 1806 1780 1864 sctoeifraycz

90 1865 210 1923 Scop.
241 1866 364 1910 Carn.
398 1867 440 1921 Ι,
474 1881 515 1924 p.
548 1866 655 1921 300,
696 1867 828 1910 Rchb.
868 1867 894 1910 f.
927 1865 1040 1910 5006
1072 1867 1112 1910 b.
1156 1867 1199 1909 T.
1223 1867 1381 1923 'rigida
1414 1865 1550 1909 Rchb.
1586 1865 1614 1908 f.
1647 1864 1776 1909 5006.

94 1924 393 2028 fyps.4⁷÷i3qida
421 1926 483 1968 Fl.
514 1926 648 1970 Graec.
681 1927 766 1969 tab.
797 1925 881 1969 382
910 1940 995 1969 non
1024 1926 1066 1968 L.
1113 1926 1242 1983 Gyps.
1274 1925 1491 1983 permioeta
1523 1924 1644 1968 Guss.
1676 1923 1775 1982 Syn.

149 2055 247 2093 Hab.
276 2055 312 2092 in
335 2056 450 2094 siccis
474 2055 714 2094 Macedoniae
738 2059 775 2093 et
799 2056 979 2093 Thraciae
1002 2055 1144 2106 (Aucli.
1166 2067 1248 2094 exs.
1281 2052 1391 2095 555!
1421 2054 1618 2106 Grisebl),
1645 2055 1778 2104 Bithy-

90 2115 163 2152 niae
184 2116 221 2152 in
246 2114 413 2164 Olympo
440 2111 593 2168 (Sibthl
617 2115 767 2153 Tbirke
785 2114 829 2166 !)‚
854 2114 1046 2153 Anatoliae
1063 2116 1146 2153 bor.
1165 2109 1319 2166 (Wiedl
1344 2115 1470 2154 Tchih
1487 2109 1532 2170 !)‚
1558 2115 1607 2152 ad
1626 2115 1777 2164 Trape-

90 2180 240 2212 zuntem
267 2174 413 2224 (Bourg
428 2168 470 2224 !)‚
498 2176 534 2212 in
553 2187 664 2223 prov.
684 2173 909 2214 Cancasicis
927 2175 1026 2224 (ΜΒ.
1047 2175 1134 2213 Hoh
1150 2176 1186 2223 !)‚
1212 2175 1399 2214 Armenia
1416 2175 1581 2213 Rossioa
1599 2172 1776 2225 (Szow!)‚

92 2232 226 2272 Persia
250 2235 335 2273 bor.
362 2230 512 2290 (Auch.
541 2246 622 2274 exs.
648 2232 824 2285 42561).
846 2235 908 2272 Fl.
936 2239 1018 2272 aest.

149 2301 241 2339 Haec
259 2306 318 2339 est
334 2302 486 2350 species
506 2303 673 2350 genuina
691 2302 841 2341 Linnaei
860 2314 907 2339 ex
926 2302 973 2340 cl.
991 2300 1172 2340 Gussone
1197 2303 1261 2351 qui
1281 2314 1365 2340 eam
1390 2303 1426 2339 in
1454 2303 1568 2351 hujus
1593 2302 1776 2340 herbario

93 2361 266 2399 contulit.

149 2427 223 2468 Ar.
256 2428 417 2479 Geogr.
452 2431 612 2479 Europa
638 2431 765 2468 media
788 2436 826 2469 et
849 2432 1043 2469 australis.

90 2572 209 2617 SECT.
244 2575 305 2617 lV.
342 2576 727 2620 GYPSOPHILOIDES.
758 2603 814 2607 —
840 2575 986 2618 Flores
1010 2576 1199 2619 solitarii
1227 2576 1317 2618 basi
1350 2576 1473 2618 nandi.
1515 2575 1654 2632 Calyw
1687 2581 1780 2618 tur-

440 2635 612 2677 binatus
641 2635 770 2678 5-15
798 2635 988 2677 nervius.
1038 2634 1202 2692 Unyuis
1227 2634 1467 2692 petalorum
1499 2635 1546 2677 in
1573 2635 1781 2678 laminam

442 2695 600 2736 sensim
629 2695 882 2751 ampliatus.
919 2693 1094 2736 Semina
1124 2694 1243 2736 alata
1278 2694 1415 2736 loevia.
1438 2693 1677 2750 —Specics
1708 2708 1780 2750 pe-

441 2766 590 2796 remtas
599 2789 605 2796 .

148 2874 202 2918 T.
222 2876 530 2931 graminea
559 2876 711 2927 (Sniith
742 2876 886 2918 Prodr.
922 2876 980 2917 Fl.
1003 2876 1136 2919 Graec.
1162 2877 1192 2929 l,
1224 2891 1263 2932 p.
1287 2875 1371 2919 ς279
1399 2876 1477 2919 sub
1501 2874 1782 2933 Gypsophz'ba)

93 2931 296 2988 cespitosa
323 2933 413 2976 basi
442 2934 664 2988 indurata,
704 2934 896 2977 caulibus
935 2934 1135 2978 t·.·nuibus
1175 2935 1503 2979 ascendentibus
1532 2934 1782 2991 paniculatis
