2021 3235
1036 108 1122 151 434

232 216 450 245 comosum
491 201 790 253 formantibus,
829 199 983 256 sepalis
1016 199 1263 242 lanceolatis
1290 199 1449 241 corolla
1477 198 1605 255 duplo
1635 197 1922 250 brevioribus,

230 261 379 317 petalis
407 260 703 317 superioribus
731 259 771 301 in
803 258 828 300 9
856 259 1032 301 lacinias
1067 257 1510 314 lineari-spathulatas
1548 256 1790 299 sulisimiles
1828 269 1923 312 par-

229 320 340 373 titis,
377 320 547 376 capsula
575 322 704 375 parva
732 318 920 360 obsoleto
949 316 1154 374 papillosa
1179 317 1357 359 obovala
1385 329 1459 358 ore
1487 318 1705 359 contracta
1745 316 1816 370 (2).
1862 314 1919 357 Ic.

230 378 344 421 Miill.
377 378 404 420 f.
438 377 536 421 107.
569 377 620 420 R.
652 378 835 420 caudata
862 375 965 419 Oliv.
998 376 1093 418 Mss.

289 449 389 486 Hab.
417 449 515 485 inter
548 448 697 485 Mossul
723 451 761 484 et
784 447 946 494 Bagdad
969 446 1114 496 (Olivz)
1141 446 1189 482 ad
1215 445 1454 493 Euphratem
1473 444 1633 491 (Chesn.
1656 456 1737 482 cxs.
1757 441 1860 482 1101
1887 447 1925 480 et

230 502 380 556 1951),
420 509 457 545 in
498 508 635 545 Persia
670 508 754 545 bor.
782 504 993 556 (Buhsel)‚
1019 505 1066 543 ad
1105 504 1339 542 Ssertschah
1376 505 1520 542 Persiae
1553 504 1690 541 mediae
1723 502 1923 540 orientalis

232 568 435 621 (Bungel).
476 568 637 604 australi
664 567 713 604 ad
746 567 951 603 Kaseroun
988 569 1025 603 et
1055 564 1218 603 Dalechi
1243 564 1324 614 (Ky
1349 576 1430 602 exs.
1465 562 1574 602 1441
1603 568 1641 601 et
1662 561 1751 602 214
1775 558 1858 615 al),
1885 562 1923 599 in

226 628 455 667 Belutschia
474 627 633 673 (Stocks
649 627 688 675 1),
716 625 928 675 Affghania
952 624 1094 675 (Griffl
1113 628 1141 672 ).

266 690 548 743 ”Semipedalis
575 695 635 731 vel
661 693 829 741 pedalis,
856 693 999 730 racemi
1028 691 1247 730 tenuissimi
1278 690 1364 728 basi
1399 690 1604 738 interrupti
1640 691 1796 728 tandem
1821 686 1924 729 6-10

228 757 438 805 pollicares
464 755 576 802 apice
601 753 773 791 bracteis
799 752 965 796 comosi‚
990 752 1106 790 flores
1132 751 1187 788 eis
1214 750 1257 789 R.
1284 751 1565 799 stenostaehyoe
1589 751 1653 787 vix
1676 750 1862 799 majores.

285 823 331 877 β.
366 818 612 863 Chabbisea.
646 818 787 861 Petala
815 817 1036 874 superiora
1063 815 1291 873 tripartita.

284 892 385 930 Hab.
410 891 447 928 in
473 889 682 937 Affghania
707 887 1095 926 austro-occidentali
1122 887 1171 923 ad
1196 885 1393 925 Chabbise
1418 883 1626 935 (Bungel).

286 959 510 1009 Specimina
529 958 689 1007 juniora
711 955 799 993 folis
826 955 1004 992 omnibus
1026 953 1201 1002 integris.
1234 952 1294 990 An
1319 953 1473 1001 species
1497 953 1658 1001 propria
1671 947 1700 1001 ζ),
1717 951 1786 989 sed
1805 951 1921 989 flores

225 1031 379 1070 quoque
402 1018 536 1056 minuti
564 1017 739 1061 sessiles‚
766 1015 910 1053 racemi
930 1014 1078 1052 comosi
1100 1017 1137 1052 et
1160 1013 1282 1051 facies
1305 1013 1402 1061 typi.
1429 1010 1608 1061 Gapsulae
1634 1011 1918 1050 desiderantur.

695 1165 736 1217 †
768 1164 799 1216 -ξ-
830 1164 1049 1201 Filamenta
1074 1162 1139 1200 diu
1163 1162 1427 1210 persistentia.

282 1310 343 1352 R.
377 1305 632 1351 Aucheri
661 1302 812 1358 (Boiss.
846 1300 994 1355 Diagn.
1026 1298 1114 1340 Ser.
1148 1297 1180 1349 l,
1211 1296 1244 1348 l,
1274 1310 1314 1352 p.
1348 1294 1392 1351 5)
1430 1295 1594 1351 glabra,
1630 1297 1749 1339 caule
1777 1305 1918 1340 erecto

223 1369 351 1414 elato.
396 1366 505 1410 soliis
544 1362 736 1407 indivisis
774 1359 951 1416 integris
984 1358 1047 1399 vel
1075 1354 1525 1412 oblongo-lanceolatis
1553 1354 1828 1398 acutiusculis
1856 1357 1917 1399 vel

221 1415 667 1471 oboram-rotundatis
695 1418 876 1471 obtusis,
904 1416 1082 1460 floribus
1108 1413 1325 1472 pedicellis
1353 1412 1414 1456 eis
1441 1413 1709 1457 brevioribus
1738 1414 1918 1458 suffultis

222 1500 418 1530 racemos
448 1486 594 1539 longos
622 1482 776 1524 densos
804 1477 923 1534 apice
957 1488 1151 1518 comosos
1187 1478 1364 1528 anguste
1401 1472 1656 1529 cylindricos
1693 1473 1916 1517 formanti-

220 1547 320 1597 hus,
365 1543 518 1601 sepalis
546 1534 999 1584 obovato-lanceolatis
1034 1533 1191 1576 corolla
1227 1531 1405 1574 dimidio
1438 1531 1723 1585 brevioribus,
1768 1533 1917 1588 petalis

221 1603 518 1663 superioribus
555 1601 597 1643 in
635 1597 736 1641 9-›11
780 1594 985 1638 lacinulas
1028 1590 1468 1647 lineari-spathulatas
1508 1590 1691 1647 partitis,
1735 1592 1918 1647 capsulis

222 1664 380 1708 strictis
407 1660 565 1718 glabris
593 1652 1039 1715 pyritormi-oblongis
1067 1665 1140 1694 ore
1169 1664 1253 1692 non
1281 1655 1499 1692 contracto
1532 1649 1717 1692 breviter
1756 1650 1915 1693 triden-

221 1724 318 1767 tatis
345 1724 415 1779 (Ξ).

280 1795 382 1832 Hab.
408 1789 444 1829 in
471 1786 755 1836 Mesopotamia
780 1783 921 1834 (Auch.
948 1793 1029 1819 exs.
1053 1778 1210 1830 26240
1236 1783 1273 1816 et
1302 1779 1407 1817 circa
1431 1778 1579 1816 Mossul
1605 1778 1686 1829 (Ky
1711 1790 1780 1817 exs
1797 1777 1910 1819 452!

221 1856 294 1893 sub
318 1853 362 1891 R.
386 1848 695 1898 νοτηηᾶέῘοίίιὶ),
722 1846 760 1883 in
790 1843 928 1880 Persia
951 1840 1091 1889 (Auch.
1126 1851 1206 1877 exs.
1234 1836 1422 1890 41751)‚
1450 1838 1499 1875 ad
1526 1838 1691 1877 Dalechi
1716 1833 1802 1893 (Ky
1829 1850 1910 1877 exs,

325 1916 332 1939 l
448 1942 456 1950 .
483 1924 503 1947 v
533 1922 589 1947 re.

221 1913 548 2028 2lsslssntglsaege
571 1974 779 2025 bipedalis,
804 1980 981 2010 racemus
1004 1967 1179 2006 fructifer
1203 1965 1284 2007 5-6
1307 1967 1532 2018 pollicaris,
1566 1968 1736 2017 capsulae
1759 1964 1842 2020 272
1868 1968 1912 2005 li·

222 2055 316 2081 neas
339 2043 481 2091 longae,
507 2039 602 2076 solia
619 2047 705 2075 cum
729 2032 875 2082 petiolo
899 2026 974 2069 2-5
999 2028 1204 2077 pollicaria
1223 2027 1419 2066 interdum
1444 2024 1585 2066 12-15
1609 2027 1733 2066 lineas
1758 2028 1852 2066 lata.

279 2109 326 2163 β.
357 2103 573 2162 asperula.
604 2099 752 2143 Caules
780 2103 821 2139 et
849 2094 956 2137 rami
985 2092 1186 2150 asperuli.

280 2178 381 2215 Hab.
406 2176 445 2212 in
468 2173 604 2211 Persia
623 2167 801 2208 orientali
827 2164 1023 2218 (Buhsel),
1049 2163 1149 2200 inter
1172 2160 1342 2210 Ispahan
1368 2165 1406 2198 et
1430 2160 1612 2199 Teheran
1636 2154 1851 2214 (Bungel),

823 2328 946 2372 SECT.
983 2325 1055 2369 Ill.
1093 2324 1304 2368 LUTEOLA.

280 2475 340 2517 R.
359 2469 601 2515 Luteola
629 2466 692 2521 (L.
713 2463 781 2520 Sp.
804 2460 906 2516 448)
934 2461 1042 2503 elata
1068 2458 1215 2514 glabra
1242 2470 1368 2514 parce
1396 2463 1437 2499 et
1463 2455 1606 2498 stricte
1634 2469 1818 2509 ramosa,
1848 2455 1909 2499 so-

219 2533 287 2576 liis
315 2523 803 2574 lanceolam-linearibus
831 2518 1037 2575 elongatis
1063 2530 1193 2574 supra
1219 2515 1354 2559 basim
1385 2528 1496 2572 saepe
1514 2514 1800 2568 denticulatis,
1831 2513 1908 2557 sso-

218 2592 338 2635 ribus
365 2585 666 2631 subsessilibus
694 2592 911 2624 racemum
941 2575 1237 2633 longissimum
1269 2574 1556 2631 spicisormem
1590 2571 1783 2616 strictum
1823 2572 1908 2615 for-

219 2649 452 2699 mantibus,
497 2643 650 2701 sepalis
685 2636 1014 2698 persistentibus
1050 2633 1393 2689 ovato-oblongis
1430 2632 1589 2675 corolla
1620 2631 1906 2686 brevioribus,

219 2710 455 2766 petalorum
493 2701 766 2760 superiorum
809 2695 975 2739 laciniis
1018 2693 1195 2750 integris
1237 2692 1300 2735 vel
1342 2690 1413 2734 2-:3
1455 2690 1637 2747 partitis,
1680 2689 1908 2733 filamentis

219 2763 562 2825 persistentibus,
607 2756 789 2815 capsulis
825 2753 980 2798 strictis
1015 2752 1155 2809 parvis
1189 2750 1349 2807 glabris
1383 2749 1800 2806 obovato-depressis
1827 2748 1906 2791 sub

219 2840 293 2870 ore
321 2821 547 2868 contractis
575 2825 696 2862 acute
723 2813 905 2858 dentatis
932 2811 1142 2868 profunde
1169 2809 1195 2852 5
1222 2808 1395 2853 sulcatis
1431 2810 1500 2864 Θ.
1545 2807 1664 2864 Engl.
1695 2808 1784 2851 Bot.
1819 2806 1902 2850 tab.

218 2883 318 2928 320.
353 2880 485 2924 Rehb.
517 2880 543 2921 f.
574 2875 704 2919 4442.
736 2873 786 2916 R.
811 2871 1112 2929 pseudovz'rens
1139 2868 1249 2911 Friv.
1281 2867 1404 2910 Flora
1431 2865 1625 2921 1837.‚1‚
1654 2881 1695 2923 p.
1728 2865 1828 2909 232.
