2021 3235
1030 112 1114 157 790

227 203 435 260 pellucido
466 210 507 246 et
531 203 685 260 nigro·
703 202 917 260 punctatis
943 210 1064 246 ovato
1082 229 1100 235 -
1117 202 1313 258 oblongis
1340 203 1534 259 margine
1560 204 1796 249 imbricatis
1821 205 1917 249 fim-

226 261 376 305 briatis
402 261 585 305 fimbriis
612 260 788 305 setaceis
816 261 1103 318 eglandulosis
1129 261 1260 319 sepali
1286 261 1499 309 latitudini
1526 262 1804 321 aequilongis‚
1845 279 1919 322 pe-

226 320 321 365 talis
347 320 747 378 obovato-oblongis
772 320 865 364 basi
890 319 1254 378 nigro-punctatis
1287 330 1346 372 26.

284 383 389 422 Hab.
424 384 526 423 inter
550 384 709 423 frutices
733 383 870 421 insulae
893 382 1048 421 Thasos
1073 383 1313 422 Macedoniae
1335 396 1459 433 prope
1484 384 1661 433 Panagia
1683 379 1869 435 (Grisebl
1889 387 1917 438 ).

226 442 285 481 Fi.
313 443 402 481 Mai.

286 502 428 541 Caules
451 503 615 551 pedales
638 506 676 540 et
707 503 925 541 breviores.
951 501 1047 540 folia
1078 502 1308 540 internodiis
1332 503 1603 552 sublongiora,
1629 503 1781 552 majora
1805 505 1921 553 polli-

227 562 349 610 caria,
376 562 494 600 flores
516 562 677 610 magnit.
703 561 752 600 H.
776 561 986 611 fimbriati-
1012 561 1154 600 Facies
1178 561 1226 600 H.
1253 562 1407 601 barbati
1433 575 1457 600 a
1480 575 1556 612 quo
1581 565 1723 611 praeter
1748 566 1921 613 cai-pella

226 622 345 671 quina
368 622 530 671 capsula
551 622 693 660 vittata
716 633 789 660 nec
812 621 1193 671 glandulis-aspersa.
1216 622 1334 671 longe
1360 622 1501 660 differt.

791 758 914 802 SECT.
954 759 1019 802 lv.
1056 758 1353 803 CAMPYLOPUS.

285 905 350 947 H.
379 902 765 958 Rhodopeum
792 901 841 958 (F
846 901 922 944 riv.
955 902 1077 945 Flora
1106 901 1236 955 1836,
1266 917 1306 959 p.
1337 902 1440 958 436)
1477 902 1725 946 brevissime
1752 910 1919 946 tomen-

226 962 581 1005 tello-canescens
607 959 886 1017 cespitosum,
914 961 1089 1004 caudice
1116 968 1346 1018 prostrato,
1375 961 1568 1004 caulibus
1584 960 1784 1004 brevibus
1801 962 1922 1005 folio-

227 1020 283 1063 sis
319 1034 445 1077 parce
484 1018 686 1072 ramosis,
722 1018 831 1062 foliis
859 1019 1054 1075 oblongis
1081 1019 1244 1063 obtusis
1270 1034 1397 1077 parce
1422 1019 1636 1078 pellucido
1654 1045 1672 1051 -
1690 1021 1920 1077 punctalis,

226 1079 405 1122 floribus
431 1077 504 1121 1-3
530 1077 846 1131 terminalibus,
876 1078 1091 1135 pedicellis
1118 1085 1212 1135 post
1238 1079 1433 1123 anthesin
1458 1078 1640 1132 reflexis,
1670 1079 1823 1136 sepalis
1840 1080 1921 1123 late

226 1138 357 1181 ovatis
384 1136 750 1194 subinaequalibus
777 1137 972 1193 margine
999 1136 1235 1181 imbricatis
1253 1137 1557 1188 obtusissimis
1582 1137 1761 1195 integris
1786 1152 1918 1196 papy-

227 1197 364 1240 raceis
392 1197 551 1240 corolla
583 1195 761 1239 dimidio
797 1195 1067 1240 brevioribus
1103 1197 1318 1253 capsulam
1357 1196 1708 1253 subaequantibus
1753 1204 1814 1246 26.
1859 1197 1914 1240 H.

227 1256 557 1312 oriyam‘folz'um
590 1254 690 1298 Urv.
720 1255 875 1298 Enum.
907 1262 948 1298 et
975 1268 1041 1298 nc.
1074 1255 1223 1298 Prodr.
1260 1269 1346 1298 non
1373 1255 1515 1299 Willd.
1546 1282 1604 1286 -
1643 1255 1700 1298 Η.
1729 1256 1919 1313 recoqui-

228 1319 320 1357 tum
347 1314 393 1357 F.
425 1320 467 1356 et
493 1314 596 1372 Mey.
628 1313 737 1357 Ann.
769 1313 833 1357 Sc.
865 1313 958 1357 Nat.
989 1313 1078 1357 Ser.
1112 1314 1179 1367 lv,
1208 1314 1251 1368 l,
1280 1328 1322 1371 p.
1352 1313 1432 1358 36!
1461 1340 1520 1344 ——
1548 1313 1835 1372 Campylopus
1859 1329 1921 1358 ce-

228 1373 434 1416 rastoides
461 1371 597 1430 Spach
624 1373 704 1415 loc.
735 1373 805 1416 cit.
835 1372 962 1416 Jaub.
994 1380 1035 1416 et
1060 1371 1129 1430 Sp.
1159 1373 1316 1416 Illustr.
1347 1374 1403 1431 pl.
1433 1372 1596 1417 Orient.
1626 1373 1713 1418 tab.
1744 1373 1816 1418 15.

286 1436 389 1475 Hab.
413 1436 450 1472 in
473 1435 639 1474 collibus
662 1436 805 1484 apricis
832 1435 1073 1474 Macedoniae
1089 1439 1127 1474 et
1147 1436 1328 1474 Tbraciae
1353 1434 1479 1489 (Friv!
1502 1435 1643 1475 Griseb
1667 1437 1705 1487 l),
1728 1437 1922 1486 Bithyniae

228 1507 347 1544 supra
383 1496 537 1534 Scutari
571 1499 610 1532 et
644 1496 681 1532 in
720 1495 889 1544 Olympo
928 1495 1098 1543 Bithyno
1130 1496 1328 1545 (Boissl),
1355 1496 1393 1534 in
1418 1496 1569 1534 fissuxis
1608 1498 1760 1546 rupium
1785 1497 1922 1535 insulae

229 1555 441 1604 Prinkipos
466 1552 633 1603 (Casto,
661 1555 698 1592 in
721 1555 882 1593 Troade
906 1555 955 1593 ad
978 1554 1106 1592 Nurtu
1132 1554 1278 1604 (Tchih
1294 1556 1336 1607 1).
1363 1555 1423 1594 Fl.
1450 1556 1540 1594 Mai.
1568 1556 1653 1595 Jun.

287 1614 429 1653 Caules
453 1612 529 1654 5-5
550 1615 772 1664 pollicares,
798 1614 921 1653 facies
949 1614 1229 1655 Helianthemi.

793 1753 916 1798 SECT.
953 1755 999 1798 V.
1030 1755 1357 1801 EUHYPERICUM.

703 1873 751 1912 A.
786 1873 931 1923 Sepala
952 1876 1196 1925 marginibus
1220 1877 1441 1917 imbricata.

821 1990 841 2047 ἕ
872 1990 913 2033 1.
945 1991 1325 2048 Oliqostema.

283 2114 350 2157 H.
368 2114 740 2158 humifusum
770 2113 832 2170 (L.
863 2113 932 2170 Sp.
964 2114 1098 2172 1105)
1127 2116 1342 2172 glabrum,
1371 2116 1564 2160 caulibus
1590 2116 1751 2161 foliosis
1777 2118 1921 2161 filifor-

225 2172 364 2215 mibus
407 2172 739 2215 ascendentibus
779 2173 978 2230 pumilis‚
1018 2177 1140 2232 cyma
1181 2175 1273 2218 laxa
1314 2175 1559 2219 dichotoma
1599 2176 1764 2230 foliosa,
1809 2177 1920 2221 soliis

224 2230 551 2287 ovati-oblongis
578 2230 742 2274 obtusis
768 2231 981 2288 pellucido
1009 2240 1050 2275 et
1076 2232 1291 2276 interdum
1318 2234 1728 2291 nigro-punctatis,
1766 2235 1919 2293 sepalis

225 2289 419 2345 oblongis
445 2290 608 2333 obtusis
633 2290 942 2334 mucronulatis
968 2290 1148 2347 integris
1175 2292 1239 2335 vel
1266 2293 1407 2336 rarius
1434 2292 1518 2337 23
1543 2294 1909 2350 glanduloso-den-

226 2348 320 2392 tatis
346 2349 549 2392 corollam
577 2348 796 2392 dimidiam
825 2349 1096 2406 aequantibus
1122 2352 1294 2408 capsula
1318 2352 1666 2409 sublongioribus
1702 2361 1763 2403 26.
1795 2353 1913 2410 Engl.

226 2407 313 2451 Bot.
344 2407 429 2450 tab.
462 2407 592 2450 1226.
625 2407 757 2451 Rchb.
789 2408 861 2464 fig.
893 2407 1022 2451 5176.

283 2470 384 2509 Hab.
412 2471 450 2507 in
475 2470 624 2510 Tauria
648 2468 779 2523 (MR).
803 2471 895 2509 Non
920 2471 1013 2510 vidi.
1033 2471 1094 2510 Fi.
1119 2475 1277 2519 aestate,
1305 2477 1503 2512 autumno.

280 2527 355 2567 Ar.
390 2528 552 2580 Geogr.
586 2530 747 2579 Europa
769 2531 942 2570 borealis
961 2535 1000 2569 et
1025 2531 1155 2570 media
1181 2544 1307 2581 usque
1331 2533 1380 2571 ad
1405 2533 1599 2572 Rossiam.

851 2685 871 2741 g
903 2683 945 2728 2.
982 2685 1269 2742 Olympia.

571 2802 594 2824 ἥ
627 2802 771 2852 Sepala
794 2804 966 2853 integra.
993 2804 1165 2853 Capsula
1189 2806 1367 2844 obsolete
1391 2806 1541 2845 vittata.

275 2908 340 2952 H.
372 2906 746 2965 Olympicum
788 2908 848 2965 (L.
882 2908 952 2967 Sp.
984 2908 1117 2967 1102)
1159 2910 1356 2967 glabrum
1396 2912 1614 2968 glaucum,
1657 2912 1853 2956 caulibus
1891 2927 1912 2956 e
