2021 3235
1000 154 1055 200 70

184 253 326 291 rantes
365 247 638 300 abeuntibus,
685 245 878 303 carpellis
918 244 1077 302 glabris
1107 245 1235 303 paulo
1279 245 1391 288 ultra
1426 243 1616 287 medium
1668 241 1870 286 connexis

187 305 306 364 apice
352 320 506 364 parum
547 304 867 361 divergentibus
903 303 947 347 in
989 309 1127 347 rostra
1166 310 1284 346 recta
1324 301 1580 347 abeuntibus
1620 302 1748 345 dorso
1795 299 1871 343 tri-

185 364 343 466 negviis
379 364 546 474 nervi}>
553 363 801 407 lateralibus
837 362 890 406 ab
930 362 1187 406 intermedio
1228 374 1382 418 parum
1414 360 1693 414 distantibus,
1741 357 1872 402 semi-

187 437 230 467 n1
264 438 314 466 us
340 430 472 467 ovatls
558 457 566 465 .

233 495 346 534 Hab.
371 496 409 533 in
435 495 601 534 collibus
628 497 665 531 et
699 493 812 532 cultis
850 490 1117 541 Cappadociae
1149 490 1352 529 orientalis
1380 489 1521 542 (Auch.
1557 501 1639 528 exs.
1665 483 1779 540 511),
1803 487 1875 526 Ar-

188 555 326 593 meniae
349 555 454 594 circa
475 553 645 592 Baibout
669 552 723 590 et'
745 552 960 591 Erzeroum
993 548 1164 604 (Boni-g!
1189 549 1294 587 Huet
1324 560 1407 588 exe.
1439 550 1512 588 sub
1537 548 1588 589 N.
1628 547 1818 588 Orientali
1829 548 1875 598 !),

188 614 312 664 Syriae
334 613 505 653 borealis
543 612 593 650 ad
617 611 771 661 Aleppo
797 606 878 667 (Κ)1
903 610 994 649 coll.
1021 607 1138 650 1842
1173 614 1219 647 n⁰
1243 605 1368 660 2161)
1403 611 1442 647 et
1469 608 1614 647 Aintab
1637 607 1813 660 (Haussk
1830 607 1879 658 !).

189 674 250 713 Fl.
275 675 351 711 fine
373 673 496 712 veris.

248 746 294 800 β.
326 744 515 798 Noeana,
544 743 684 799 sepala
712 740 1116 798 elliptico-linearia.
1145 739 1281 796 Stipes
1298 739 1536 796 petalorum
1564 739 1800 796 elongatus.
1821 738 1875 782 N.

190 804 363 847 Νοὲαηα
391 802 525 846 Boiss.
555 801 705 856 Diagn.
736 799 826 843 Ser.
859 799 913 853 ΙΙ,
935 799 970 854 1,
999 812 1041 856 p.
1072 797 1115 842 9.

251 873 354 910 Hab.
380 872 420 909 in
442 870 630 909 Armenia
652 869 815 908 australi
841 880 964 918 prope
988 867 1143 917 Karput
1165 859 1332 920 (Noel),
1358 866 1465 906 eirca
1487 867 1640 906 Bludan
1666 866 1883 906 Antilibaui

194 933 288 984 (Ky.
317 929 433 972 1855
456 937 500 969 n⁰
525 928 576 970 71
595 929 636 980 !).

251 1027 293 1066 y.
326 1005 570 1061 tenuifolia,
612 1001 776 1045 laciniae
816 1000 1181 1044 lineari-setaceae.
1220 999 1351 1042 Petali
1393 998 1521 1056 stipes
1548 999 1786 1055 elongatus.
1825 997 1881 1041 N.

196 1065 368 1109 Persica
395 1063 528 1107 Boiss.
560 1062 668 1104 Ann.
699 1060 764 1103 Sc.
797 1059 890 1103 Nat.
923 1058 1055 1114 1841,
1083 1072 1126 1116 p.
1163 1056 1265 1102 358.

256 1136 357 1174 Hab.
376 1135 415 1173 in
436 1134 542 1182 agris
568 1143 691 1182 prope
715 1130 871 1169 Aintab.
900 1130 1025 1179 Syriae
1045 1130 1134 1169 bor.
1156 1123 1414 1182 (Haussknl)‚
1431 1129 1470 1166 in
1489 1128 1629 1166 Persia
1641 1127 1784 1176 (Auch.
1803 1139 1885 1167 exs.

198 1194 257 1236 50
282 1199 320 1233 et
341 1195 378 1232 in
399 1194 497 1243 jugo
520 1193 664 1231 Elbrus
688 1188 732 1228 n⁰
755 1187 869 1230 4021
889 1188 933 1242 l),
957 1190 1059 1228 inter
1080 1189 1263 1229 Teheran
1288 1192 1327 1226 et
1349 1188 1495 1227 Tabris
1520 1188 1651 1239 (Bung
1666 1187 1711 1239 !).

256 1263 396 1301 Flores
419 1272 523 1309 saepe
546 1259 651 1297 foliis
673 1258 865 1306 supremis
888 1257 1137 1306 involucrati‚
1163 1255 1316 1296 laciniae
1339 1254 1523 1294 foliorum
1546 1255 1604 1293 eis
1628 1254 1775 1304 speciei
1789 1265 1886 1303 prae-

202 1322 375 1362 cedentis
401 1320 627 1359 crassiores.
654 1317 839 1356 Antherae
864 1315 1027 1355 erronee
1051 1317 1205 1356 mutieae
1228 1316 1343 1354 dictae
1365 1317 1408 1353 ut
1439 1315 1479 1352 in
1503 1313 1684 1354 affinibus
1718 1314 1890 1353 breviter

203 1382 387 1420 aristatae.
414 1379 515 1428 Styli
540 1379 611 1417 sub
630 1377 782 1415 anthesi
806 1376 955 1415 incurvi
972 1376 1043 1414 sed
1065 1377 1228 1426 capsula
1248 1375 1401 1414 matura
1424 1374 1534 1414 recti.

261 1552 324 1596 N.
352 1551 580 1597 ciliaris
607 1550 695 1606 (nc.
723 1548 832 1606 Syst.
856 1549 889 1603 l,
910 1563 952 1606 p.
983 1547 1092 1606 327)
1118 1549 1285 1593 laciniis
1312 1549 1514 1593 foliorum
1542 1547 1796 1602 linearibus,
1826 1562 1893 1592 se-

200 1611 306 1670 palis
332 1609 574 1668 patentibus
601 1608 734 1652 ovatis
761 1607 1016 1652 acuminatis
1042 1607 1133 1651 basi
1161 1607 1389 1652 attenuatis
1406 1606 1724 1664 albo-hispidis,
1745 1607 1894 1664 petalis

203 1669 399 1727 stipitatis
425 1668 538 1711 labio
574 1666 774 1711 exteriori
813 1673 994 1710 cuneato
1021 1666 1152 1710 bifido
1178 1667 1288 1711 lobis
1315 1666 1359 1710 in
1389 1665 1567 1710 lacinias
1593 1665 1778 1709 lineares
1805 1665 1894 1710 his·

204 1729 322 1786 pidas
353 1729 500 1784 longas
533 1726 790 1770 abeuntibus
824 1726 915 1769 basi
954 1724 1154 1769 exteriori
1189 1726 1316 1769 dente
1343 1724 1462 1768 brevi
1504 1723 1665 1778 auctis,
1700 1725 1896 1782 carpellis

203 1787 428 1846 hispidulis
456 1786 507 1829 ad
536 1785 724 1828 medium
743 1784 906 1828 coalitis
933 1784 1253 1841 divergentibus
1281 1784 1325 1827 in
1348 1789 1621 1829 rostrarecta
1639 1783 1897 1827 abeuntibus

202 1847 330 1947 dorsp
357 1844 549 1947 elssvatim
577 1843 808 1945 ῐνίἓθΐάνίὖίε,
837 1843 1073 1887 seminibus
1100 1843 1348 1887 orbiculatis
1376 1842 1570 1900 margine
1594 1841 1896 1886 subundulatis

209 1911 276 1958 O.
328 1920 365 1949 c.
432 1917 555 1947 eess.
587 1910 674 1946 ta.
729 1927 778 1945 ·.

264 1975 367 2013 Hab.
405 1975 443 2012 in
483 1974 647 2013 collibus
674 1976 712 2011 et
737 1973 851 2011 cultis
876 1973 996 2023 Cypri
1022 1970 1150 2024 (Ky!)
1182 1972 1306 2022 Syriae
1330 1972 1514 2010 littoralis
1544 1971 1593 2009 ad
1624 1970 1840 2019 Berythum
1862 1973 1901 2008 et

204 2036 355 2085 Tyrum
382 2032 546 2087 (Labillt
574 2032 700 2072 Gaill!
727 2032 806 2082 Ky.
840 2045 921 2072 exs.
946 2029 1092 2084 919!)‚
1129 2033 1166 2071 in
1193 2031 1359 2071 Galilaea
1383 2032 1489 2071 circa
1526 2031 1666 2069 Jennin
1693 2026 1891 2086 (Boissl).

206 2095 267 2134 Fl.
293 2106 398 2132 vere.

265 2161 449 2210 Oai-pella
473 2160 529 2198 eis
567 2159 616 2198 N.
658 2159 869 2199 orientalis
893 2159 1081 2199 breviora
1104 2158 1246 2197 latiora
1271 2157 1386 2196 valde
1419 2156 1666 2206 divergentia
1696 2157 1768 2196 sed
1791 2159 1903 2195 recta

204 2221 335 2259 nervis
361 2220 582 2259 dorsalibus
605 2221 720 2259 valde
743 2220 1067 2270 prominentibus.

266 2380 330 2423 N.
359 2378 727 2423 corniculata
762 2384 847 2432 (Dc.
878 2376 986 2434 Syst.
1021 2376 1054 2429 1,
1083 2390 1124 2432 p.
1171 2373 1274 2430 3⁴26)
1313 2373 1480 2417 laciniis
1509 2372 1708 2416 foliorum
1734 2370 1904 2415 lineari-

209 2438 307 2491 bus,
337 2436 490 2494 sepalis
517 2435 818 2492 albo-hispidis
846 2434 1089 2492 patentibus
1116 2433 1248 2478 ovatis
1276 2432 1530 2477 acuminatis
1547 2431 1637 2475 basi
1656 2429 1902 2484 attenuatis,

211 2496 360 2554 petalis
368 2530 458 2549 .....
488 2494 683 2552 carpellis
709 2492 782 2538 3-5
809 2493 969 2550 glabris
997 2492 1087 2536 basi
1116 2492 1279 2536 coalitis
1312 2490 1633 2547 divergentibus
1660 2488 1779 2546 apice
1805 2502 1904 2531 cur-

211 2553 501 2598 vato-reflexis
528 2553 571 2596 in
599 2560 736 2597 rostra
755 2554 880 2610 longa
907 2559 1081 2596 arcuata
1108 2551 1382 2605 abeuntibus,
1412 2549 1648 2593 seminibus
1674 2547 1826 2605 planis.

271 2625 374 2664 Hab.
398 2625 436 2662 in
461 2618 652 2662 Oriente?

271 2692 433 2741 Species
458 2692 577 2730 dubia
600 2692 693 2730 olim
719 2692 756 2729 in
780 2691 881 2729 hort.
909 2690 1033 2728 Paris.
1060 2689 1165 2728 culta
1188 2692 1226 2727 et
1248 2700 1364 2738 quam
1400 2688 1438 2725 in
1463 2687 1573 2727 herb.
1610 2686 1719 2726 Desf.
1745 2698 1822 2724 non
1847 2697 1906 2724 re-

211 2752 341 2800 perire
365 2752 497 2801 potui,
534 2752 814 2791 verosimiliter
849 2761 897 2788 ex
930 2748 1090 2789 Oriente
1114 2748 1285 2788 omnium
1317 2747 1537 2797 specierum
1561 2746 1748 2786 sectionis
1773 2745 1903 2792 patria

215 2811 392 2849 oriunda,
