2021 3235
945 142 1028 187 779

203 233 379 270 Plantam
404 232 683 281 AEgyptiaeam
705 246 783 272 non
809 235 903 274 vidi.
929 237 1163 276 Discrimina
1179 251 1201 275 a
1233 240 1281 277 cl.
1305 241 1439 289 Bunge
1464 243 1560 280 inter
1586 245 1620 281 T.
1654 247 1822 293 passeri-

144 293 297 331 noidem
322 295 360 329 et
378 304 660 342 pycnocarpam
686 294 856 332 indicata
879 307 913 332 v.
934 308 992 344 gr.
1016 297 1151 344 sepala
1170 299 1310 336 obtusa
1325 300 1385 336 vel
1406 306 1531 350 acuta,
1554 303 1677 350 stylus
1695 306 1821 342 nullus

144 352 205 389 vel
230 351 373 400 brevis,
399 351 491 389 mihi
515 364 592 390 non
616 356 677 391 sat
701 354 920 392 constantia
943 355 1026 392 visa
1049 360 1149 393 sunt.

201 525 255 568 Τ.
289 534 672 579 macrocarpa
714 523 877 579 (Bunge
913 525 990 567 loc.
1022 532 1091 567 cit.
1132 540 1174 581 p.
1206 524 1278 582 79)
1320 526 1467 581 glabra
1508 528 1717 572 virescens
1760 532 1818 573 vel

144 583 433 639 glaucescens‚
467 581 576 624 foliis
605 581 722 624 valde
750 582 958 639 impresso
976 608 993 614 -
1012 583 1222 639 punctatis
1249 584 1701 641 subainplexicaulibus
1729 602 1819 630 cor-

143 640 267 693 datis,
299 639 479 683 racemis
505 640 709 695 elongatis
737 640 855 692 laxis,
884 641 1067 683 bracteis
1090 641 1314 697 pedicellos
1333 643 1461 700 calyci
1481 644 1820 700 subaequilongos

143 698 410 756 aequantibus
426 699 489 740 vel
507 698 568 741 eis
585 698 867 746 brevioribus,
899 699 1045 755 petalis
1062 700 1410 756 ovato-ellipticis,
1440 701 1541 744 disci
1569 703 1674 745 iobis
1703 704 1755 745 ι10
1780 704 1819 746 in

143 757 324 800 stamina
350 756 620 809 abeuntibus,
650 757 838 800 antheris
865 757 1050 800 breviter
1076 758 1312 815 apiculatis,
1341 759 1455 816 stylis
1481 760 1695 813 brevibus,
1724 776 1820 818 cap-

144 814 336 917 sulg7566
363 814 512 858 lineari
539 821 579 866 ὅ.
615 815 659 857 Τ.
678 816 987 872 passerinoz'des
1013 823 1104 859 var.
1135 830 1405 874 macrocarpa
1434 818 1615 860 Ehrenb.
1648 820 1725 861 loc.
1748 820 1816 861 cit.

200 944 301 983 Hab.
326 944 364 981 in
388 944 565 991 AEgypto
589 942 774 981 inferiore
799 944 898 981 inter
920 943 996 982 San
1016 947 1055 982 et
1077 943 1261 982 Salehich
1286 944 1407 993 (Ehrb
1423 946 1465 995 l),
1493 946 1597 984 circa
1629 946 1763 984 Birket
1788 948 1822 984 el

142 1003 304 1042 Karoun
329 1015 439 1051 prov.
464 1002 614 1051 Fayum
639 995 814 1054 (Kral!)‚
838 1003 875 1040 in
910 1003 1045 1041 Persia
1078 1004 1238 1041 australi
1271 1004 1320 1041 ad
1354 1004 1479 1042 fontes
1518 1006 1659 1053 petroli
1699 1018 1819 1054 prope

143 1063 308 1102 Dalechi
337 1062 415 1114 (Ky
434 1074 519 1100 exs.
544 1060 682 1110 1581).

201 1130 342 1168 Differt
364 1142 387 1167 a
410 1129 656 1177 praeoedente
695 1127 857 1167 floribus
896 1129 1110 1178 maj0ribus
1146 1129 1300 1178 longius
1338 1129 1615 1179 pedicellatis‚
1654 1132 1823 1179 capsulis

143 1190 369 1240 majoribus.
395 1189 455 1226 An
481 1192 609 1226 tamen
634 1188 682 1226 cl.
706 1187 877 1227 Ehrenb.
900 1188 1089 1226 suadente
1112 1189 1196 1237 eJus
1219 1183 1420 1226 varietas?

470 1460 632 1508 om).
680 1461 879 1509 xvm.
926 1461 1498 1510 FRANRENIACEAE

620 1567 805 1616 St-Hil.
840 1570 985 1617 Mem.
1018 1569 1152 1617 Piae.
1183 1587 1227 1632 p.
1259 1568 1351 1615 59.

205 1781 349 1824 Flores
378 1782 610 1838 regulares.
649 1781 769 1839 Calyx
796 1781 1089 1838 gamosepalus
1116 1780 1351 1822 tubulosus.
1381 1777 1542 1821 Corolia
1570 1777 1719 1834 petalis
1745 1775 1820 1818 4-7

145 1839 444 1895 unguiculatis.
488 1839 675 1883 Stamina
705 1854 886 1884 numero
922 1840 1050 1882 varia.
1089 1838 1286 1882 Ovarium
1322 1837 1584 1880 uniloculare
1622 1834 1822 1892 placentis

144 1898 419 1955 parietalibus
446 1898 732 1942 filiforrnibus.
777 1897 904 1942 Ovula
930 1897 1130 1941 biseriata
1157 1903 1374 1952 anatropa.
1419 1893 1594 1951 Capsula
1631 1893 1820 1935 valvatini

145 1956 368 2000 dehiscens
393 1957 520 2001 valvis
547 1957 687 2000 medio
714 1956 1013 2014 placentiferis.
1052 1955 1223 1999 Semina
1250 1961 1469 1997 crustacea
1497 1952 1626 2009 rapbe
1655 1951 1819 2002 lineari,

145 2015 377 2073 embryone
405 2015 448 2059 in
475 2015 690 2059 albumine
718 2015 815 2059 axili
842 2022 972 2059 recto.
1002 2041 1059 2045 -
1086 2014 1238 2057 Herbae
1264 2013 1324 2055 vel
1353 2010 1605 2055 suffrutices.

642 2199 930 2249 FRANKENIA
961 2199 1020 2261 (L.
1062 2198 1156 2246 Gcn.
1192 2197 1307 2258 445).

198 2355 318 2413 Calyx
343 2355 421 2398 4-5
447 2355 572 2398 fidus.
617 2354 780 2398 Corolia
807 2353 885 2397 4-5
912 2353 1061 2410 petala.
1105 2350 1239 2408 Stylus
1266 2349 1474 2392 filiforrnis
1500 2347 1616 2403 apice
1640 2346 1685 2411 ‘in
1713 2346 1813 2399 stip,-

140 2421 253 2457 mata
277 2413 303 2457 3
321 2440 339 2446 -
356 2414 384 2457 4
407 2414 558 2457 lineari
578 2439 595 2445 -
616 2412 853 2456 subclavata
881 2412 995 2454 intus
1021 2410 1264 2465 stigniatosa
1292 2407 1484 2467 partitus.
1522 2406 1706 2470 Stamina
1739 2403 1815 2445 4-6

138 2472 364 2515 filamentis
389 2472 551 2515 liberis.
581 2471 759 2528 Capsula
786 2469 1061 2514 unilocularis
1090 2469 1352 2525 polysperma
1379 2464 1451 2507 3-5
1479 2465 1616 2506 valvis.
1637 2489 1692 2494 —
1712 2462 1814 2504 Her-

139 2530 203 2575 bae
231 2532 291 2574 vel
319 2531 559 2574 suffrutices
586 2530 763 2573 floribus
791 2528 938 2572 roseis.

196 2691 251 2733 F.
274 2689 690 2745 pulverulenta
717 2687 780 2743 (L.
811 2685 879 2742 Sp.
910 2683 1011 2739 474)
1038 2696 1196 2734 annua,
1225 2680 1414 2724 caulibus
1441 2677 1676 2742 prostratisv
1706 2675 1814 2739 soliis

137 2747 326 2791 obovatis
355 2747 508 2790 retusis
536 2746 684 2789 subtus
713 2742 1034 2802 pulverulentis,
1063 2740 1239 2783 floribus
1266 2739 1307 2781 in
1334 2738 1814 2781 dichotomnstcrnnna-

134 2806 329 2862 libusque
357 2805 595 2862 fastigiatis,
624 2804 764 2862 calyce
791 2803 938 2859 glabro
966 2805 1028 2851 Θ,
1060 2799 1118 2841 Fl.
1149 2798 1279 2842 Graec.
1310 2796 1392 2840 tab.
1424 2794 1522 2838 344.

195 2876 295 2914 Hab.
319 2876 357 2913 in
382 2876 575 2914 littoribus
599 2874 802 2912 maritimis
837 2873 955 2911 totius
980 2866 1167 2909 Graeciae!
1197 2867 1407 2905 Anatoliae!
1444 2865 1586 2912 Syriae!
1629 2861 1810 2907 AEgypti!

136 2936 186 2973 ad
219 2947 324 2973 mare
350 2935 531 2984 Caspium
569 2929 820 2986 (O.A.Mey!)
849 2936 887 2970 et
921 2929 1174 2978 salsuginosis
1208 2926 1456 2964 interioribus
1495 2925 1532 2960 in
1564 2920 1811 2968 Cappadocia
