2021 3235
921 111 1007 156 469

115 288 149 345 §-
183 287 213 330 l.
243 288 486 330 Annuae.
503 311 562 315 ——
587 285 758 327 Plancoe
783 297 940 326 annuc&
957 284 1101 325 rarius
1126 289 1428 339 perennantes,
1457 286 1592 327 ramis
1608 286 1802 342 νίν-911113.

430 343 675 386 Filamenta
700 343 756 385 ad
783 342 973 384 medium
998 355 1130 399 <nsque
1154 342 1454 398 monadelphct.

225 488 255 511 ἦ
281 489 364 527 Alae
386 491 535 528 corolla
563 491 681 539 duplo
709 490 917 539 longiores.
946 490 1082 528 Petala
1103 491 1283 529 lateralia
1317 491 1450 530 carina
1481 492 1676 541 longiora.

167 627 224 670 P.
256 627 654 683 Monspeliaca
696 626 758 681 (L.
798 624 867 682 Sp.
900 623 1003 682 987)
1047 625 1240 668 caulibus
1281 627 1481 671 solitariis
1509 630 1568 671 vel
1607 630 1802 685 pluribus

107 684 260 728 erectis
287 684 658 742 subsimplicibus,
698 683 806 726 foliis
846 683 1008 727 crebris
1035 684 1545 729 lanceolam-linearibus
1573 702 1596 730 a
1621 688 1711 731 basi
1741 690 1800 733 la-

109 742 205 785 tiori
233 743 390 786 sensim
419 743 648 786 attenuatis
665 742 939 795 acutissimis,
960 742 1139 785 racemis
1156 743 1293 799 longis
1312 745 1624 799 terminalibus,
1647 748 1799 804 sepalis

108 801 387 845 exterioribus
414 801 676 854 lanceolatis,
706 801 782 844 alis
810 800 916 844 albis
944 800 1139 857 oblongis
1166 801 1380 846 trinerviis
1407 803 1523 847 venis
1560 818 1644 847 non
1673 820 1797 850 anas-

105 860 436 913 tomosantibus,
467 861 640 918 capsula
666 860 897 903 obcordata
923 862 1104 915 angusta
1130 860 1275 916 glabra
1308 868 1373 913 Θ.
1407 862 1461 905 Ic.
1495 876 1560 906 Dc.
1596 863 1652 905 Pl.
1685 864 1791 908 Gall.

105 931 190 961 rar.
222 919 306 962 tab.
339 918 380 962 9.
412 923 457 961 Ρ.
489 920 708 976 yttamacea
735 918 797 961 Fl.
829 918 963 962 Graec.
996 918 1080 960 tab.
1114 917 1213 962 670.

161 988 262 1026 Hab.
296 990 333 1025 in
371 988 546 1027 herbidis
581 989 777 1026 montosis*
809 989 926 1026 siccis
961 987 1124 1026 Graeciae
1159 989 1196 1026 in
1233 990 1366 1032 Attica
1397 990 1562 1041 (Heldrl
1583 992 1621 1041 )‚
1648 993 1795 1041 OEgina

105 1041 265 1099 (Heldr!
282 1048 323 1099 ),
350 1049 478 1086 insula
502 1047 621 1086 Chios
646 1047 789 1097 (Auch.
816 1059 901 1086 exs.
928 1043 1009 1086 911
1031 1048 1038 1084 !
1073 1044 1248 1101 Orph!),
1276 1048 1406 1098 Cypro
1434 1050 1629 1101 (81111111),
1656 1051 1793 1092 Cilicia

100 1106 262 1144 littorali
288 1105 451 1159 (Ball),
491 1107 605 1156 Syria
642 1108 690 1145 ad
731 1107 917 1145 Sidonem
950 1105 1130 1157 (Gailll),
1166 1108 1203 1145 in
1237 1108 1464 1148 Antilibano
1504 1111 1552 1148 ad
1584 1111 1792 1160 Rascheya

103 1161 231 1218 (Boiss
242 1166 278 1215 1),
304 1167 513 1204 Palaestina
531 1167 580 1204 ad
603 1167 917 1215 Hierosolymam
942 1164 1134 1217 (Boissl).
1160 1167 1219 1204 ΕΙ.
1248 1179 1350 1206 vere.

155 1229 230 1270 Ar.
264 1230 424 1286 Geogr.
459 1234 583 1283 Regio
607 1233 892 1271 mediterranea
916 1231 1083 1282 Europae
1107 1237 1146 1272 et
1171 1233 1312 1273 Africae
1336 1236 1522 1274 borealis.

96 1388 119 1411 i*
152 1389 174 1411 ἕ
207 1389 291 1428 Alae
320 1392 505 1429 corollam
537 1396 737 1441 aequantes
776 1393 836 1431 vel
878 1394 925 1431 ea
961 1394 1249 1443 sublongiores.
1276 1395 1412 1433 Petala
1440 1397 1618 1436 lateralia
1646 1400 1781 1438 carina

532 1460 535 1463 ’
850 1452 1046 1491 breviora.

151 1583 208 1625 P.
241 1583 538 1638 erioptera
573 1584 657 1640 (nc.
691 1584 839 1627 Prodr.
871 1585 911 1638 l,
942 1600 982 1642 p.
1014 1585 1116 1641 3026)
1153 1587 1360 1643 puberula
1394 1589 1455 1631 vel
1488 1589 1777 1645 glabrescens,

94 1639 285 1683 caulibus
312 1641 484 1697 virgatis
511 1642 865 1696 ascendentibus,
901 1644 1011 1687 foliis
1037 1645 1270 1688 linearibus
1298 1647 1360 1689 vel
1400 1646 1778 1706 lineari-oblongis

93 1698 271 1751 obtusis,
301 1700 480 1743 racemis
508 1701 768 1745 brevissimis
795 1701 1038 1746 axillaribus
1065 1702 1143 1746 4-ss
1170 1704 1305 1758 floris,
1335 1704 1412 1748 alis
1439 1706 1628 1751 obovatis
1657 1708 1779 1752 hirtis

92 1758 153 1799 vel
170 1758 389 1812 glabratis,
409 1760 577 1815 capsula
606 1760 783 1804 obovata
811 1765 951 1805 retusa
980 1762 1119 1805 ciliata
1140 1769 1186 1815 Θ
1217 1763 1269 1805 Ρ.
1295 1763 1488 1807 obtusam
1515 1778 1581 1808 Dc.
1603 1767 1683 1810 loc.
1706 1767 1775 1811 cit.

91 1815 145 1858 P.
176 1815 361 1860 Arabica
388 1817 557 1873 Edgew.
588 1818 737 1862 Journ.
774 1819 865 1863 Soc.
897 1820 1026 1864 Asiat.
1056 1821 1163 1875 XVI,
1192 1835 1232 1878 p.
1265 1821 1377 1864 4216
1405 1836 1490 1866 non
1518 1820 1779 1870 Boiss.'Huc

93 1874 217 1917 etiam
254 1876 306 1918 cl.
346 1876 569 1920 Anderson
605 1877 666 1932 Fi.
703 1878 818 1921 Aden
858 1879 911 1922 N0
939 1879 964 1922 6
1001 1880 1174 1923 adducit
1204 1880 1256 1923 P.
1287 1895 1504 1924 areensem
1530 1882 1683 1936 Willd,
1722 1885 1775 1928 P.

100 1933 356 1977 Valetianam
391 1948 458 1978 Dc.
500 1935 539 1978 P
575 1936 837 1980 Rotltz'rmam
871 1938 1140 1982 Walk-Arn.
1173 1947 1214 1982 et
1239 1938 1365 1982 etiam
1399 1940 1452 1982 P.
1486 1941 1699 1997 trifloram
1728 1942 1770 1985 L.

90 2005 184 2047 quze
212 1998 354 2035 tamen
381 1994 452 2049 (an
480 1996 676 2047 erronee)
704 1995 815 2039 inter
842 1996 1003 2053 species
1030 1997 1174 2041 carina
1201 1997 1383 2041 imberbi
1409 1999 1586 2043 donatas
1608 2015 1779 2044 enume-

91 2057 224 2093 ratur.

147 2120 247 2158 Hab.
282 2121 319 2157 in
353 2123 530 2160 arenosis
553 2123 720 2172 AEgypti
749 2125 962 2173 superioris
1002 2119 1096 2177 (Del
1128 2119 1285 2174 Figari!
1308 2127 1342 2175 ),
1369 2128 1406 2164 in
1444 2139 1564 2175 regno
1603 2128 1777 2167 Mascate

87 2178 245 2218 Arabiae
269 2177 406 2232 (Auch.
423 2179 559 2222 4205!
587 2187 625 2220 et
646 2181 766 2222 4204
784 2184 871 2234 Al).
894 2184 953 2222 Fi.
972 2196 1077 2222 vere.

146 2245 221 2285 Ar.
255 2251 416 2298 Geogr.
450 2250 589 2288 Planta
611 2251 837 2299 subtropica
865 2255 903 2289 et
929 2251 1102 2299 tropica,
1125 2250 1269 2298 Nubia,
1295 2252 1522 2301 Abyssinia,
1549 2252 1770 2303 Senegalia,

88 2307 228 2346 Insulae
250 2307 398 2357 Capitis
422 2310 572 2358 viridis,
598 2310 745 2348 Arabia
769 2310 874 2359 felix,
898 2311 1010 2348 India
1027 2311 1211 2349 borealis.

144 2473 201 2516 P.
225 2473 581 2529 irregularis
609 2472 761 2529 (Boiss.
792 2471 942 2528 Diagn.
973 2471 1062 2515 Ser.
1097 2472 1135 2525 l,
1166 2472 1206 2525 Ι,
1241 2485 1281 2528 p.
1312 2472 1357 2528 8)
1392 2473 1666 2528 glaucescens
1698 2487 1774 2529 pu-

88 2532 236 2575 berula
270 2532 333 2574 vel
378 2531 591 2587 glabreta,
621 2531 815 2574 caulibus
841 2530 992 2574 erectis
1028 2531 1090 2573 vel
1129 2530 1457 2574 ascendentibus
1492 2530 1665 2587 virgatis
1708 2545 1774 2573 ra-

85 2589 239 2643 mosis,
284 2589 395 2632 foliis
430 2589 665 2632 linearibus
703 2590 764 2632 vel
801 2588 1266 2646 elliptico-linearibus
1302 2589 1465 2632 obtusis
1499 2590 1562 2633 vel
1599 2589 1772 2643 retusis,

86 2648 265 2699 racemis
291 2647 588 2691 terminalibus
606 2647 828 2705 elongatis,
859 2647 935 2690 alis
952 2646 1344 2691 obovato-rotundis
1362 2647 1596 2690 reticulatis
1614 2648 1776 2704 glabris

85 2707 136 2749 ad
163 2720 314 2750 nervos
342 2706 533 2760 hirtulis‚
572 2708 743 2764 capsula
768 2706 915 2762 glabra
942 2705 1385 2749 obovato-orbiculata
1411 2706 1680 2763 inaequaliter
1709 2707 1775 2750 bi-

85 2765 182 2808 loba
212 2771 277 2817 Θ.
1359 2775 1362 2778 ’

142 2834 187 2887 β.
217 2831 417 2875 Arabica.
449 2831 567 2889 Saepe
586 2845 843 2889 perennans,
873 2831 1014 2874 caules
1033 2831 1123 2875 basi
1142 2831 1486 2888 procumbentes.
1518 2831 1633 2875 Folia
1649 2847 1777 2890 parva

85 2898 423 2935 ovato-cuneata.
456 2891 627 2934 Racemi
656 2889 905 2934 abbreviati.
938 2893 985 2934 P.
1005 2890 1187 2934 Arabica
1215 2889 1346 2933 Boiss.
1379 2890 1459 2933 loc.
1492 2889 1561 2933 cit.
1593 2905 1635 2947 p.
1667 2890 1710 2933 9.
