2021 3235
1040 122 1124 168 720

295 223 395 262 Hab.
420 223 458 260 in
487 221 672 260 Armenia
695 218 950 273 (Tournef!).

291 292 452 340 Species
488 303 513 328 a
544 302 604 328 me
629 301 706 327 non
728 289 826 334 visa,
852 301 900 326 ex
924 288 1139 337 specimine
1163 287 1400 335 incompleto
1424 287 1538 326 herb.
1562 287 1662 326 Mus.
1687 288 1924 326 Parisiensis

234 351 451 400 descripta,
477 349 638 388 ulterius
663 347 951 397 investiganda.

853 514 873 571 g
898 513 940 557 Ξ.
976 513 1300 558 orthodon.

974 642 994 664 ὗ
1026 643 1183 681 Annua.

685 767 718 820 †
750 768 921 818 Capsula
943 781 1040 818 poro
1063 769 1208 818 apicali
1234 769 1454 809 dehiscens.

285 893 340 937 C.
358 891 665 947 Illyricum
692 888 891 947 (Arduin.
921 888 1117 946 Spe0.11‚
1145 903 1188 947 p.
1210 888 1285 946 26)
1313 889 1410 947 pilis
1437 889 1575 945 longis
1602 890 1655 933 ad
1684 903 1825 934 ramos
1853 905 1921 935 re-

223 950 372 994 trorsis
399 950 451 993 ad
478 948 576 992 solia
601 948 755 1006 patnlis
782 947 1135 1001 hirsutissimum,
1164 948 1372 1005 pumilum
1400 962 1424 992 a
1447 948 1538 992 basi
1557 948 1917 1005 ramosissimum,

225 1009 335 1053 foliis
361 1006 823 1064 oblongo-spathulatis
850 1013 892 1050 et
915 1007 1112 1064 oblongis
1129 1007 1310 1061 obtusis,
1339 1010 1461 1065 cyma
1475 1006 1741 1051 divaricatim
1759 1022 1924 1066 corym-

223 1069 344 1121 bosa,
373 1066 555 1110 bracteis
582 1065 821 1119 herbaceis,
849 1065 1069 1123 pedicellis
1096 1065 1223 1109 rectis
1249 1066 1312 1108 vel
1339 1065 1494 1122 patulis
1521 1067 1662 1124 calyce
1690 1067 1768 1110 sub
1792 1067 1921 1124 duplo

223 1126 518 1183 longioribus,
561 1124 714 1181 sepalis
755 1123 853 1182 pilis
888 1123 1149 1180 longissimis
1183 1124 1428 1181 patentibus
1462 1125 1638 1168 hirsutis
1677 1126 1921 1169 lanceolatis

224 1185 359 1228 acutis
395 1182 697 1240 angustissime
730 1182 955 1236 scariosis,
1000 1182 1148 1239 petalis
1185 1182 1630 1239 oblongo-linearibus
1664 1184 1716 1227 ad
1752 1184 1921 1228 tertiam

224 1251 389 1301 partem
417 1242 559 1285 bifidis
585 1243 726 1300 calyce
754 1241 932 1285 dimidio
959 1241 1231 1287 brevioribus
1258 1241 1572 1299 filamentisque
1598 1242 1780 1299 glabris,
1820 1257 1919 1300 cap-

223 1304 315 1346 sula
339 1301 573 1360 cylindrica
598 1301 718 1357 apice
745 1303 962 1344 attenuata
990 1301 1132 1358 calyce
1159 1300 1447 1352 subbreviori,
1476 1301 1713 1345 seminibus
1731 1301 1920 1346 minimis

224 1359 484 1404 laeviusculis
514 1365 581 1411 Θ.
626 1359 762 1402 Rchb.
807 1358 880 1415 fig.
925 1357 1056 1402 4978.
1089 1385 1147 1390 ——-
1182 1358 1229 1402 C.
1265 1359 1451 1416 pilosum
1490 1359 1626 1403 Sibth.
1657 1367 1698 1403 et
1738 1359 1824 1403 Sm.
1856 1360 1915 1403 Fl.

223 1419 361 1463 Graec.
400 1418 487 1462 tab.
527 1417 615 1461 454
640 1431 728 1462 non
754 1417 877 1461 alior.
907 1443 966 1450 —
995 1416 1044 1461 C.
1075 1418 1382 1461 androsaceum
1409 1417 1499 1462 Ser.
1531 1418 1575 1461 in
1602 1431 1669 1463 nc.
1701 1419 1851 1462 Prodr.
1884 1419 1918 1473 I,

226 1492 268 1535 p.
300 1477 404 1521 416.

282 1550 383 1588 Hah.
407 1551 444 1587 in
465 1548 644 1587 arenosis
666 1552 705 1586 et
727 1548 893 1596 saxosis,
918 1558 1023 1597 saepe
1038 1548 1077 1586 in
1099 1547 1294 1586 montanis
1319 1547 1504 1596 Graeciae,
1532 1548 1783 1598 Cephaloniae
1806 1561 1916 1588 mons

222 1609 360 1648 OE’nos
383 1601 586 1660 (Heldri),
617 1607 784 1653 Attica!,
821 1607 1137 1656 Peloponnesus!
1163 1601 1334 1658 (Sprunl
1366 1606 1508 1646 Heldr!
1539 1604 1714 1664 Boissl),
1738 1606 1855 1646 Creta
1878 1609 1917 1646 in

224 1669 419 1707 montibus
442 1666 916 1718 Sphacioticis(Held1-!).
942 1667 1173 1705 Macedonia
1197 1670 1236 1705 et
1257 1667 1428 1706 Thracia
1454 1665 1609 1720 (Griseb
1624 1666 1663 1720 l),
1687 1669 1919 1717 Byzantium

224 1728 390 1779 (Castl),
419 1727 605 1765 Anatolia
629 1727 679 1764 ad
701 1726 907 1775 Smyrnam
932 1722 1129 1780 (Fleischl
1149 1726 1220 1764 Bal
1235 1727 1276 1778 l),
1299 1727 1338 1765 in
1357 1728 1523 1766 excelsis
1542 1727 1682 1767 Libani
1699 1728 1749 1766 ad
1777 1728 1917 1766 cedros

223 1800 347 1837 prope
368 1787 498 1824 Hadet
521 1787 585 1833 (Bl
602 1779 655 1841 l).
683 1785 743 1823 Fl.
767 1785 956 1824 Mai-Jun.

281 1852 327 1906 β.
357 1849 705 1906 macropetalum.
737 1847 878 1891 Petala
904 1848 1043 1906 calyce
1069 1848 1195 1905 paulo
1222 1848 1435 1905 longiora.

281 1923 381 1960 Hah.
406 1922 442 1958 in
471 1926 600 1958 monte
627 1919 794 1958 Torniki
813 1919 1016 1968 Argolidis
1039 1920 1106 1958 alt.
1130 1918 1272 1959 2000⁷
1299 1919 1495 1970 (Heldrt).

282 1989 377 2026 Haec
400 1987 526 2025 forma
547 1986 676 2024 differt
697 1998 721 2024 a
740 1984 782 2024 C.
801 1984 1069 2036 pedunculuri
1090 1987 1240 2025 statura
1255 1987 1403 2035 pumila
1424 1992 1462 2025 et
1478 1986 1578 2026 facie
1597 1988 1693 2039 typi,
1712 1988 1916 2036 pedicellis

224 2047 411 2086 brevibus
437 2051 476 2089 et
497 2046 640 2095 petalis
663 2047 855 2094 angustis.

282 2104 359 2146 Ar.
391 2110 554 2155 Geogr.
588 2105 799 2144 Dalmatia.

281 2255 336 2302 C.
363 2250 764 2312 pedunculare
789 2248 914 2309 (Bory
940 2256 981 2294 et
1005 2248 1168 2294 Chaub.
1199 2249 1260 2293 Fl.
1293 2250 1434 2308 Pelop.
1465 2264 1506 2308 p.
1528 2249 1600 2304 29,
1629 2250 1715 2294 tab.
1738 2249 1809 2304 13,
1839 2250 1910 2307 fig.

222 2315 267 2373 Ξ)
310 2314 406 2372 pilis
447 2313 498 2357 ad
540 2325 683 2355 ramos
723 2310 875 2367 crispis
917 2310 979 2353 vel
1006 2309 1206 2352 retrorsis
1233 2309 1285 2352 ad
1312 2310 1411 2353 folia
1439 2308 1652 2367 adpressis
1681 2309 1912 2363 hirsutum,

222 2374 416 2417 caulibus
442 2369 772 2415 ascendentibus
798 2368 1006 2424 elongatis
1021 2368 1112 2411 laxe
1130 2375 1172 2411 et
1187 2367 1430 2411 dichotome
1448 2368 1644 2421 ramosis,
1664 2368 1775 2411 foliis
1792 2373 1913 2411 ovato

222 2441 261 2476 et
288 2427 790 2486 oblongo-spathulatis,
833 2426 1051 2484 pedicellis
1091 2427 1266 2470 demum
1299 2427 1541 2484 patentibus
1574 2427 1713 2484 calyce
1741 2425 1818 2469 2-5
1843 2427 1913 2483 plo

221 2490 504 2547 longioribus,
533 2487 717 2530 bracteis
743 2485 981 2539 herbaceis,
1011 2484 1164 2542 sepalis
1180 2484 1277 2541 pilis
1304 2486 1441 2542 longis
1465 2485 1707 2542 patentibus
1733 2484 1912 2542 hispidis

221 2547 466 2593 lanceolatis
493 2545 628 2590 acutis
654 2544 932 2588 interioribus
957 2545 1040 2587 late
1058 2543 1274 2597 scariosis,
1303 2544 1453 2601 petalis
1469 2543 1911 2587 cuneato-obcordatis

222 2608 362 2666 calyce
388 2605 512 2649 tertia
537 2611 658 2662 parte
675 2602 942 2660 longioribus
958 2601 1272 2659 filamentisque
1288 2602 1464 2660 glabris,
1492 2604 1665 2660 capsula
1681 2601 1912 2661 cylindrica

222 2666 341 2724 apice
368 2666 585 2708 attenuata
610 2663 753 2720 calyce
780 2661 1048 2705 subbreviori
1079 2666 1147 2712 Θ.

280 2737 384 2774 Hab.
413 2736 452 2772 in
476 2734 591 2773 cultis
614 2730 791 2771 arenosis
815 2731 987 2781 Graeciae,
1012 2730 1208 2769 Messenia
1231 2729 1354 2781 (Bory
1369 2729 1406 2783 l),
1435 2731 1609 2770 Laconia
1630 2743 1754 2780 prope
1773 2730 1910 2769 Mistra

223 2799 262 2833 et
284 2792 457 2833 Arcadia
481 2793 588 2832 circa
609 2791 828 2840 Tripolitza
850 2790 1032 2841 (Boissl),
1056 2790 1095 2828 in
1119 2792 1249 2828 monte
1274 2789 1429 2829 Malevo
1453 2785 1645 2840 (Orph!).

281 2853 422 2892 Gaules
444 2864 547 2901 saepe
570 2848 647 2892 6-9
667 2850 889 2900 pontem-es,
913 2849 1032 2888 flores
1057 2850 1113 2887 eis
1139 2846 1181 2888 C.
1201 2847 1355 2898 Illyrici
1376 2851 1495 2899 duplo
1518 2849 1701 2900 majores,
1728 2849 1819 2888 huic
1836 2860 1908 2888 cae-

219 2916 344 2953 terum
367 2912 528 2961 capsula
552 2914 590 2949 et
615 2910 829 2949 seminibus
854 2908 994 2947 simile.
