2021 3235
1033 159 1088 205 58

207 250 250 293 in
283 257 470 294 rostrum
496 252 670 308 longum
698 252 980 295 lanceolatum
1007 257 1223 294 attenuata
1248 251 1314 294 vix
1355 251 1550 295 decidua.
1591 251 1747 295 Herbae
1774 265 1898 295 nanae

209 309 320 353 foliis
339 309 382 352 in
400 310 575 353 lacinias
602 309 786 354 lineares
813 309 1132 368 palmatiscctis.

284 452 338 496 C.
381 451 635 495 falcatus
664 450 806 507 (Pers.
848 449 944 507 Syn.
982 449 1094 505 341)
1130 456 1268 492 rostro
1308 448 1483 506 carpelli
1525 463 1695 492 sursum
1729 450 1904 494 falcato--

211 508 387 552 incurvo
418 509 537 566 apice
564 511 754 552 hamato.
785 509 952 552 Formae
980 516 1206 564 sequentes
1234 508 1388 550 adsunt
1420 513 1486 559 O.

270 597 312 620 α.
343 577 553 633 'eudymos
583 575 704 632 Scapi
733 575 832 618 folia
859 581 1076 631 aequantes
1116 575 1180 616 vel
1228 579 1479 629 superantes
1498 609 1508 627 ,
1537 580 1724 616 rostrum
1757 575 1904 618 latius-

212 636 355 677 culum
383 650 405 678 a
434 635 523 678 basi
557 635 772 677 falcatum.
800 634 855 676 Ic.
888 633 1020 676 Rchb.
1052 631 1182 675 4570.
1218 631 1264 675 C.
1287 633 1489 687 fidorum,
1510 632 1736 689 Syriacus,
1760 635 1908 691 platy-

211 708 342 736 θρηνῶ.
375 693 483 736 Stcv.
515 694 620 735 Bull.
654 693 785 749 Mosq.
816 690 947 752 1848.

272 765 370 802 Hab.
398 765 434 801 in
461 765 573 802 cultis
598 762 759 800 Graeciae
786 755 982 816 (Heldr!)‚
1016 761 1198 799 Thraciae
1223 757 1381 813 (Frivt)
1407 759 1526 809 Cypri
1550 757 1693 816 (Ky!)‚
1714 762 1818 801 Asiae
1841 764 1909 800 rni-

212 825 317 861 noris
343 824 393 861 ad
417 823 622 872 Smyrnam
649 820 732 874 (Bal
757 835 838 860 0115.
868 820 993 871 1251)
1019 825 1056 859 et
1078 821 1116 858 in
1140 820 1264 868 Lycia
1287 812 1498 875 (Bourgl),
1525 820 1647 869 Syriae
1669 823 1718 859 ad
1742 821 1909 872 JAleppo

214 883 341 932 (Ky!)
367 888 405 921 et
430 884 465 920 in
493 883 641 920 Libano
664 881 830 928 (Gailll)
848 912 856 926 ‚
889 874 1089 919 Caucaso!
1113 911 1120 924 ,
1149 880 1285 917 Persia
1310 879 1451 926 (Auch.
1480 878 1523 917 n⁰
1551 875 1630 920 18!
1662 874 1791 919 Szow!
1827 882 1907 930 Ky.

213 944 321 981 Pers.
350 947 469 980 austr.
498 954 579 980 exs.
605 936 768 989 2041),
794 941 1059 979 Turkestania
1084 940 1133 976 ad
1159 939 1339 977 Buchara
1359 939 1543 988 (Lehm.).
1568 941 1705 979 Variat
1729 942 1912 990 carpellis

213 1003 519 1050 pubescentibus
546 1004 583 1038 et
606 1002 732 1039 rarius
759 1001 923 1044 glabris.
953 1000 994 1037 C.
1021 1000 1237 1048 leioearpus
1256 999 1361 1036 Stev.
1387 1000 1462 1038 loc.
1490 1001 1556 1038 cit.

271 1067 316 1120 β.
347 1078 563 1121 eracapere.
595 1063 716 1120 Scapi
746 1062 985 1105 brevissimi
1016 1063 1079 1105 vel
1106 1061 1234 1115 nulli,
1266 1062 1409 1118 planta
1436 1068 1688 1106 tomentosa.

272 1137 372 1174 Hal).
400 1136 437 1172 in
460 1136 621 1181 regione
645 1134 830 1172 montana
855 1135 996 1171 montis
1016 1133 1154 1171 Cadmi
1179 1135 1218 1170 111
1243 1133 1358 1171 Gai-ia
1392 1131 1571 1187 (Boissl)
1597 1134 1711 1183 Syria
1736 1147 1773 1180 111
1798 1134 1906 1173 Anti-

214 1197 346 1235 libano
370 1188 474 1244 (Kyl
504 1195 607 1233 Gaill
623 1193 685 1247 1),
713 1194 913 1232 Palestina
938 1195 988 1231 ad
1012 1194 1328 1242 Hierosolymam
1352 1193 1492 1240 (Rothl
1508 1192 1535 1244 ).

271 1283 311 1322 y.
344 1262 563 1303 incurvus.
596 1260 755 1317 Scapus
782 1259 894 1302 foliis
922 1258 1104 1314 longior.
1136 1259 1313 1315 Carpclli
1348 1265 1537 1301 rostrum
1566 1259 1787 1312 angustius
1817 1274 1907 1302 rec-

213 1320 444 1363 tiusculum
488 1319 606 1376 apice
648 1318 1084 1361 incurvo-hammum.
1127 1318 1271 1360 Planta
1314 1325 1566 1362 tomentosa.
1610 1318 1657 1362 C.
1704 1319 1908 1361 inomaus

213 1378 322 1422 Stcv.
353 1379 432 1421 loc.
463 1378 533 1421 cit.
564 1377 649 1421 tab.
681 1377 767 1420 vll.

275 1449 375 1487 Hab.
411 1449 449 1486 in
487 1448 636 1486 Tauria
669 1442 840 1498 (Stevl),
867 1446 1052 1484 Armenia
1088 1448 1138 1484 ad
1169 1447 1355 1484 Erzerum
1379 1444 1555 1499 (Hueffl)
1576 1478 1586 1496 ,
1614 1448 1757 1485 Persiae
1795 1460 1907 1497 prov.

216 1507 359 1547 Ghilan
383 1508 574 1558 (Auchl).
602 1508 751 1545 Eadem
783 1507 952 1544 varietas
986 1506 1022 1543 in
1048 1507 1237 1554 Hispania
1262 1507 1423 1544 australi
1457 1508 1611 1545 erescit.

275 1573 312 1615 ὃ.
346 1572 556 1614 me'nntus.
589 1571 790 1614 Rostrum
817 1569 1097 1626 praecedentis
1126 1570 1196 1613 sed
1234 1570 1417 1626 carpella
1446 1569 1609 1612 minuta
1637 1584 1733 1612 cum
1772 1577 1909 1613 rostro

214 1630 278 1672 vix
305 1629 331 1672 Ξ),
358 1630 430 1672 lin.
464 1631 604 1686 longa.
635 1629 815 1672 Habitus
846 1626 892 1670 C.
923 1628 1200 1671 ortleoceratz's
1228 1628 1299 1671 scd
1337 1634 1525 1671 rostrum
1554 1628 1817 1671 uncinatunl.

274 1704 373 1740 Hah.
393 1703 430 1740 in
454 1702 664 1751 Affghauia
695 1700 878 1751 (Grifft),
905 1700 1132 1738 Belutschia
1156 1700 1317 1751 (Stocks
1335 1698 1386 1752 1).

272 1767 347 1806 Ar.
381 1767 542 1818 Geogr.
573 1769 781 1817 Hispania,
815 1767 945 1806 Gallia
980 1767 1106 1805 media
1148 1772 1185 1806 et
1208 1768 1414 1817 australis,
1449 1766 1661 1806 Germania
1699 1769 1908 1817 australis,

215 1829 355 1879 Italia,
390 1829 534 1866 Rossia
555 1828 754 1866 australis.

273 1983 327 2026 C.
357 1983 705 2025 orthoceras
732 1980 820 2036 (Dc.
842 1979 950 2037 Syst.
985 1980 1014 2021 l.
1047 1994 1087 2036 p.
1122 1979 1222 2028 ⁶231)
1251 1986 1390 2022 rostro
1418 1980 1702 2036 carpellorum
1731 1979 1910 2021 rectius-

213 2041 479 2142 culvpolijatuh)
523 2040 641 2097 apicc
683 2053 768 2082 non
806 2038 1006 2081 uncinato
1039 2044 1104 2090 O.
1144 2038 1304 2082 Dclcss.
1344 2038 1399 2080 lc.
1441 2038 1525 2081 tab.
1567 2037 1636 2080 023.
1670 2038 1802 2080 Rchb.
1836 2038 1907 2094 fig.

215 2113 271 2141 -m
383 2134 390 2141 .

274 2169 377 2207 Hab.
403 2170 441 2206 in
467 2169 581 2207 cultis
620 2167 802 2206 Thraciae
832 2167 955 2214 (Friv.
996 2179 1044 2204 ex
1077 2160 1286 2221 Griseb.)‚
1320 2166 1478 2204 Tauriae
1517 2161 1711 2221 (sawt),
1746 2165 1913 2205 Caucasi

215 2229 305 2279 (ΜΒ
322 2227 330 2266 1
350 2230 384 2278 ),
405 2229 600 2266 Armeniae
619 2228 668 2265 ad
685 2228 872 2265 Erzerum
890 2225 1032 2274 (Hueffl
1056 2225 1171 2265 Calv!
1189 2225 1221 2279 ),
1247 2227 1390 2264 Persiae
1410 2227 1458 2263 ad
1475 2226 1697 2264 Asterabad
1722 2224 1910 2279 (Bungc),

214 2288 493 2326 Tui-kestaniae
516 2289 566 2326 ad
591 2287 772 2326 Buchara
796 2286 948 2335 (Lehm.
975 2298 1021 2323 ex
1046 2284 1177 2339 Bge.),
1204 2286 1439 2325 Belutschiae
1482 2285 1640 2338 (Stocks
1657 2284 1665 2324 1
1682 2284 1707 2337 ).

276 2355 411 2392 Vax-iat
436 2355 686 2393 tomentellus
705 2357 743 2392 ct
769 2354 919 2402 glaber.
944 2353 1055 2391 Multi
1073 2366 1160 2391 eum
1183 2366 1254 2402 pro
1278 2354 1540 2402 praecedentis
1559 2354 1751 2390 varietate
1769 2352 1914 2391 habent

217 2416 287 2452 sed
312 2416 498 2452 transitus
522 2415 724 2463 hucusque
750 2425 827 2451 non
853 2414 948 2452 vidi.

276 2481 356 2521 Ar.
391 2482 553 2533 Geogr.
589 2483 801 2521 Germania
829 2482 1030 2531 australis,
1056 2482 1264 2531 Bulgaria,
1289 2482 1431 2520 Rossia
1471 2482 1617 2531 media,
1644 2480 1788 2519 Sibiria
1811 2480 1909 2519 Ura-

218 2543 352 2581 lensis.

771 2697 847 2739 ΤΡ..
878 2696 945 2739 Vl.
982 2695 1357 2740 HELLEBOREAE.

278 2832 399 2890 Calyx
426 2833 687 2876 {estivationc
716 2832 982 2875 imbricatus.
1013 2831 1155 2874 Pctala
1181 2832 1312 2883 nulla,
1344 2830 1521 2873 linearia
1549 2831 1611 2873 vel
1640 2828 1909 2885 irregularia.

221 2892 419 2935 Antllcrae
448 2898 663 2934 extrorsae.
695 2890 873 2949 Capsula
903 2891 1183 2948 polyspcruia.
