2021 3235
994 169 1077 213 100

188 264 319 313 Cypro
344 264 471 316 (Kyl),
497 265 611 314 Syria
633 266 809 305 interiori
834 270 871 305 et
895 267 1089 304 maritima
1111 266 1254 317 (Auch.
1286 278 1367 306 exS.
1403 265 1513 307 594!
1543 261 1703 321 Gaillt),
1730 266 1873 304 Palaes-

187 325 267 362 tina
293 321 476 378 (Rothi),
508 325 693 364 Armenia
720 326 860 376 (Auch.
899 338 983 365 exs.
1019 324 1195 377 4058!)‚
1223 326 1518 375 ‚Mesopotamia
1555 337 1679 375 prope
1711 325 1879 374 Bagdad

191 378 427 435 (Schlafiil).
455 384 512 422 Fl.
538 397 644 423 vere.

248 452 406 490 Pedalis
439 453 502 490 vel
536 454 847 503 sesquipedalis,
883 453 1069 492 foliorum
1098 456 1302 501 segmenta
1338 453 1482 502 saepius
1515 451 1585 492 1-1
1606 449 1660 505 ¹s2
1692 452 1880 501 pollicem

188 511 320 561 longa,
355 513 559 561 squamula
586 511 606 551 1
626 509 681 566 ¹s2
713 513 861 551 millim.
897 514 1029 562 longa.
1054 511 1227 561 Capsula
1257 513 1440 561 pollicem
1471 514 1535 551 vel
1561 512 1879 562 sesquipollicem

189 572 320 620 longa.
347 570 489 609 Semen
512 573 672 621 magnit.
699 573 789 622 pisi.

247 637 322 678 Ar.
347 644 511 691 Geogr.
529 641 645 679 Italia
664 641 860 680 australis.

245 788 302 831 L.
333 788 728 832 Eversmanni
762 786 925 842 (Bunge
953 785 996 828 in
1025 785 1172 828 Lehm.
1203 799 1259 844 ρ..
1285 784 1386 835 190)
1414 784 1524 828 foliis
1551 785 1883 829 biternatisectis

187 845 419 900 segmentis
459 845 653 902 oblongis
681 845 976 902 superioribus
1003 843 1047 887 in
1079 843 1255 887 lacinias
1283 844 1750 900 oblongo-lanceolatas
1782 859 1881 902 par-

188 904 290 958 titis,
320 918 490 947 racemo
518 904 733 947 terminali
761 903 1015 961 composito,
1044 903 1230 946 bracteis
1263 903 1468 960 pedicello
1496 903 1716 947 fructifero
1759 909 1882 947 acute

187 963 408 1019 hexagono
449 963 660 1020 profunde
703 963 865 1006 sulcato
902 963 1217 1018 erecto-patulo
1260 962 1393 1006 multo
1435 961 1723 1016 brevioribus,
1753 977 1880 1020 squa-

186 1023 301 1065 mula
328 1022 565 1065 orbiculata
593 1021 711 1078 apice
754 1021 984 1064 tridentata
1025 1020 1166 1077 stipite
1207 1020 1415 1078 subtriplo
1457 1020 1673 1074 breviori,
1707 1022 1882 1079 capsula

187 1081 371 1137 oblonga
412 1080 502 1124 basi
545 1083 969 1123 cuneato-attenuata
1011 1079 1130 1136 apice
1175 1080 1327 1123 obtusa
1362 1087 1423 1130 26.
1468 1080 1516 1122 L.
1554 1080 1883 1136 leontopetalum

188 1139 311 1183 Hook
338 1146 380 1182 et
404 1139 480 1182 Th.
512 1139 573 1182 Fl.
606 1138 698 1182 Ind.
732 1138 765 1192 l,
793 1153 836 1196 p.
869 1138 953 1182 229
980 1152 1067 1181 non
1094 1138 1141 1181 L.

246 1211 348 1249 Hab.
373 1210 413 1247 in
440 1210 638 1258 argillosis
664 1210 808 1247 deserti
834 1208 1034 1247 Kisilkum
1068 1208 1342 1247 Turkestaniae
1377 1209 1462 1247 bor.
1501 1208 1698 1261 (Lehml),
1734 1209 1884 1248 Persiae

190 1270 327 1308 mediae
352 1269 554 1308 orientalis
588 1270 637 1307 ad
670 1267 1134 1320 Ssertschah-(Bungei),
1170 1269 1209 1306 in
1247 1269 1361 1308 cultis
1398 1268 1633 1308 Belutschiae
1667 1266 1882 1322 (Stocksl),

192 1329 412 1380 Affghaniae
434 1325 560 1384 (Griff
574 1326 613 1380 !).
636 1327 695 1367 Fl.
720 1340 826 1367 vere.

253 1397 379 1435 Valde
415 1397 542 1434 affinis
577 1396 814 1450 praecedenti
845 1396 1002 1433 differre
1034 1394 1189 1433 videtur
1209 1395 1423 1444 segmentis
1447 1395 1628 1434 foliorum
1650 1396 1885 1443 angustiori-

197 1458 267 1496 bus
293 1456 380 1507 (sed
400 1456 483 1495 haec
507 1460 602 1494 nota
623 1454 857 1506 variabilis),
875 1455 1091 1505 squamulis
1118 1455 1372 1493 millimitrum
1399 1458 1548 1494 tantum
1581 1456 1713 1505 longis
1737 1455 1887 1494 triden-

195 1518 299 1566 tatis,
332 1517 496 1565 capsula
517 1517 638 1554 multo
671 1516 814 1554 minori
833 1512 940 1555 9-10
962 1516 1029 1553 lin.
1053 1516 1187 1563 longa,
1211 1515 1416 1564 pedicellis
1440 1515 1653 1554 fructiferis
1676 1519 1788 1554 acute
1813 1527 1886 1554 nec

196 1576 446 1615 obtusissime
469 1576 679 1626 angulatis.

255 1742 312 1785 L.
345 1741 560 1793 minor,
588 1738 763 1796 pumila,
795 1737 905 1780 foliis
938 1736 1273 1780 biternatisectis
1300 1737 1532 1794 segmentis
1558 1736 1736 1780 minutis
1763 1736 1808 1779 in
1834 1736 1890 1779 la-

202 1799 334 1844 cinias
360 1799 769 1842 obovato-cuneatas
796 1796 1008 1854 profunde
1045 1795 1238 1853 partitis,
1268 1809 1439 1840 racemo
1473 1795 1678 1853 simplici,
1708 1793 1892 1838 bracteis

198 1859 407 1917 pedicello
448 1857 667 1900 fructifero
708 1857 853 1913 patulo
895 1861 1069 1898 arcuato
1110 1855 1386 1898 teretiusculo
1428 1856 1561 1898 multo
1602 1853 1890 1907 brevioribus,

200 1918 423 1976 squamula
449 1915 834 1960 cuneato-obovata
860 1916 1056 1957 truncata
1082 1913 1334 1957 brevissime
1351 1913 1553 1971 stipitata,
1583 1914 1756 1969 capsula
1772 1915 1895 1956 ovata

200 1977 292 2021 basi
329 1976 557 2029 rotundata
583 1974 735 2017 obtusa
775 1972 981 2030 pedicello
1014 1972 1257 2029 aequilonga
1294 1980 1331 2022 26
1348 2007 1355 2015 .
1387 1972 1434 2015 L.
1464 1972 1722 2015 Armeniaca
1748 1970 1895 2019 Boivin

202 2037 246 2079 in
286 2035 458 2091 Belang.
501 2034 604 2091 Voy.
652 2033 768 2076 lcon.
814 2032 974 2089 absque
1014 2031 1215 2088 descript.
1261 2030 1388 2088 <Haec
1413 2030 1576 2088 species
1617 2030 1661 2074 in
1692 2028 1895 2072 Armenia

202 2108 289 2138 non
317 2093 503 2150 crescit).

221 2198 225 2203 ,
261 2165 363 2204 Hab.
387 2165 427 2202 in
451 2163 650 2213 argillosis
672 2161 831 2211 Persiae,
853 2172 965 2209 prov,
991 2159 1237 2210 Aderbidjan
1263 2157 1467 2212 (Belangl)
1492 2163 1531 2197 ct
1552 2159 1653 2198 inter
1677 2158 1829 2197 Salmas
1855 2161 1894 2197 et

205 2225 309 2263 Khoi
333 2224 512 2275 (Szowl),
539 2226 668 2261 monte
691 2222 834 2259 Elbrus
858 2231 984 2268 prope
1008 2220 1202 2268 Passgala
1221 2217 1314 2270 (Ky.
1339 2231 1420 2258 exs.
1444 2217 1503 2260 99
1517 2216 1554 2271 ἱ),
1582 2219 1622 2256 in
1646 2218 1785 2257 Persia
1807 2229 1895 2256 aus-

203 2285 295 2324 trali
320 2284 370 2322 ad
392 2283 563 2333 Ispahan
590 2281 731 2333 (Auch.
755 2292 839 2319 exs.
862 2276 1020 2331 40562)
1042 2282 1080 2318 et
1097 2279 1202 2317 circa
1218 2279 1450 2328 Persepolin
1475 2279 1570 2329 (Ky.
1588 2289 1670 2317 exs.
1695 2275 1805 2318 8041
1824 2277 1896 2315 sub

207 2345 248 2383 L.
274 2343 525 2394 leontopetalo
549 2354 630 2381 var.
661 2340 837 2391 minori).
869 2339 929 2377 Fl.
962 2351 1067 2378 vere.

267 2413 407 2450 Differt
432 2424 455 2450 a
479 2412 523 2449 L.
551 2409 802 2461 leontopetalo
827 2408 938 2447 caule
964 2407 1081 2445 etiam
1119 2406 1321 2446 fructifero
1354 2405 1430 2446 5-5
1458 2406 1661 2456 pollicari,
1687 2405 1900 2454 segmentis

207 2472 390 2511 foliorum
413 2472 546 2521 parvis
569 2469 645 2511 6-8
673 2471 740 2508 lin.
765 2467 895 2516 longis
925 2467 1106 2506 omnibus
1131 2466 1308 2515 partitis,
1346 2466 1553 2523 pedicellis
1590 2464 1804 2504 fructiferis
1839 2476 1899 2502 ar-

209 2532 333 2570 cuatis
357 2542 429 2570 nec
447 2530 577 2569 rectis.
602 2529 783 2579 Capsulae
801 2524 911 2568 9-10
931 2527 999 2565 lin.
1015 2527 1157 2577 longae,
1176 2537 1309 2564 semen
1332 2525 1711 2575 eo-praecedentium
1737 2523 1900 2562 dimidio

209 2601 353 2630 mmus.

270 2738 326 2781 L.
358 2736 653 2781 vesicaria
693 2734 813 2790 (Pall.
844 2733 935 2775 Act.
974 2731 1142 2787 Petrop.
1175 2727 1303 2772 1779.
1335 2727 1409 2782 11,
1439 2727 1524 2770 tab.
1547 2726 1605 2792 ⁶9,
1634 2726 1706 2783 fig.
1749 2726 1795 2792 ξι)
1821 2739 1902 2783 pu-

212 2795 330 2849 mila,
360 2794 470 2838 foliis
506 2791 863 2845 biternatisectis,
904 2789 1134 2846 segmentis
1177 2787 1580 2841 cuneato-oblongls
1620 2785 1781 2829 obtusis
1815 2785 1902 2827 fere

212 2854 413 2898 omnibus
439 2852 647 2906 indivisis,
667 2864 837 2895 racemo
864 2848 1046 2906 simplici
1072 2846 1325 2904 paucissoro,
1353 2844 1537 2888 bracteis
1553 2843 1760 2901 pedicello
1787 2843 1902 2885 fruc-

213 2913 337 2956 tifero
364 2912 552 2955 obsolete
580 2911 781 2966 angulato
815 2907 1131 2965 erecto-patulo
1157 2905 1223 2948 vix
1249 2903 1427 2948 dimidio
1454 2903 1722 2946 brevioribus
1747 2944 1757 2963 ,
1784 2901 1903 2945 ssori-

215 2971 397 3025 bus....‚
427 2969 596 3027 capsula
624 2970 780 3024 magna
806 2969 926 3010 ovata
954 2965 1099 3009 inflata
1126 2963 1277 3007 obtusa
1303 2961 1704 3005 reticulato-venosa
1744 2972 1801 3015 ⁷46.
