2021 3235
979 134 1037 179 34

218 231 320 271 Hab.
338 233 378 270 in
398 231 565 270 desertis
584 231 700 269 salsis
723 230 996 270 Turkestaniae
1018 231 1070 268 ad
1091 230 1294 269 meridiem
1317 230 1425 270 fluvii
1457 230 1521 270 Sir
1542 230 1665 282 Darja
1691 231 1849 284 (Lehm.

161 302 210 328 ex
229 292 326 341 Bge.
331 294 357 341 ),
380 292 432 329 ad
456 292 563 329 littus
581 291 772 330 orientale
793 291 913 328 maris
938 289 1071 339 Caspii
1096 283 1269 343 (Bungei
1289 286 1320 345 ).

220 358 282 397 Ab
306 359 485 396 omnibus
510 357 689 396 affinibus
714 358 897 406 carpellis
921 357 1050 406 planis
1069 355 1097 396 2
1118 357 1185 395 lin.
1210 357 1300 395 latis
1326 357 1639 408 distinguendus.

220 423 300 465 Ar.
326 423 490 475 Geogr.
515 425 682 463 Deserta
697 424 923 474 Uralensia,
949 424 1197 475 Wolgensia,
1224 423 1455 474 Sungarica.

220 583 281 625 R.
309 581 564 626 Aucheri
593 579 745 636 (Boiss
771 579 880 621 Ann.
911 578 976 622 Sc.
1006 578 1100 622 Nat
1121 578 1298 636 1841,9
1307 577 1440 636 351)
1466 579 1667 645 1111910550
1699 579 1854 634 hirtus,

161 640 281 684 fiblis
308 640 496 683 tenuiter
522 638 780 704 cylindlicis,
810 638 922 681 soliis
949 637 1207 681 radicalibus
1235 593 1396 681 ambitu
1425 638 1557 681 ovatis
1575 638 1758 682 trisectis
1785 640 1858 683 de-

162 700 407 772 compositis
435 697 667 755 segmentis
694 698 843 740 saltem
865 697 1121 740 intermedio
1138 697 1398 754 petiolulatis
1419 697 1585 740 laciniis
1602 697 1856 752 linearibus,

161 758 277 815 spica
304 761 423 801 ovata
451 756 646 814 carpellis
674 756 874 813 adpresse
903 762 945 798 et
980 756 1160 813 sparsim
1198 755 1322 799 biltis
1355 756 1550 811 oblongis
1585 756 1629 798 in
1670 734 1858 800 rostruni

160 824 288 860 tenue
316 816 606 874 aequilongum
634 822 837 858 iectum
825 815 943 872 apice
970 814 1222 858 uncinatum
1249 815 1478 858 attenuatis
1515 822 1576 864 26.

220 889 323 927 Η311.
349 889 387 926 in
414 887 614 936 argillosis
639 887 784 924 Persiae
808 886 1006 936 australis,
1031 886 1082 924 ad
1105 886 1276 936 Ispahan
1301 886 1445 935 (Auch.
1474 898 1557 924 exs.
1582 878 1771 937 4006!),
1809 886 1859 924 ad

162 948 392 997 Persepolin
416 943 515 1003 (Ky.
543 958 625 986 exs.
648 941 804 996 2541).
832 947 891 984 Fl.
917 958 1022 984 vere.

221 1017 481 1065 Semipedalis
505 1015 569 1054 vel
593 1016 807 1064 procerior.
830 1015 943 1053 Folia
964 1015 1153 1053 radicalia
1174 1015 1361 1064 pollicem
1385 1015 1505 1063 longa
1528 1018 1567 1053 et
1587 1015 1679 1053 lata.

219 1082 265 1136 β.
296 1080 573 1137 Bunyeanus.
607 1078 827 1122 Foliorum
863 1084 1083 1135 segmenta
1110 1085 1276 1122 tantum
1316 1078 1472 1121 lobata.

222 1151 323 1190 Hab.
352 1151 453 1189 inter
473 1148 646 1199 Ispahan
669 1153 708 1188 et
729 1148 913 1187 Teheran
940 1146 1143 1201 (Bungel).

221 1289 283 1333 R.
312 1289 711 1341 Elbrusensis,
739 1294 897 1346 praeter
936 1287 1037 1330 folia
1064 1286 1267 1330 radicalia
1307 1286 1618 1344 glabrescentia
1650 1287 1859 1342 hirtulus,

162 1348 283 1391 fibris
309 1347 511 1404 oblongo·
497 1347 773 1406 -cylindricis,
802 1347 915 1390 soliis
947 1346 1207 1390 radicalibus
1234 1346 1399 1389 ambitu
1427 1346 1759 1390 suborbiculatis
1786 1347 1862 1389 tri-

163 1407 289 1450 sectis
316 1407 548 1463 segmentis
585 1406 808 1450 sessilibus
834 1405 1027 1449 cuneatis
1054 1405 1200 1449 incisis
1226 1405 1291 1449 vel
1330 1405 1500 1463 paltitis
1534 1405 1643 1449 lobis
1675 1405 1862 1449 acutius-

163 1466 287 1519 culis,
317 1467 436 1509 caule
474 1466 627 1508 humili
668 1466 731 1509 vel
772 1465 1038 1509 divaricatim
1065 1464 1118 1507 3-
1129 1463 1151 1506 7
1196 1464 1326 1518 ssor,o
1357 1464 1474 1522 spica
1514 1464 1702 1508 breviter
1742 1467 1865 1508 ovata

163 1525 360 1582 carpellis
386 1525 511 1568 hiltis
538 1525 727 1568 obovatis
755 1524 799 1567 in
826 1530 1013 1567 rostrum
1041 1523 1218 1567 dimidio
1245 1523 1417 1567 brevius
1434 1523 1683 1567 uncinatum
1702 1523 1864 1567 abeun-

163 1583 278 1627 tibus
316 1592 377 1632 26.

223 1656 326 1695 Hab.
352 1656 391 1693 in
416 1658 547 1693 monte
572 1655 717 1694 Elbrus
741 1654 888 1693 Persiae
911 1653 1084 1694 borealis
1106 1666 1233 1704 prope
1257 1654 1449 1703 Passgala
1476 1653 1569 1704 (Ky.
1596 1665 1679 1693 exs.
1705 1648 1860 1706 1011),

164 1727 291 1765 prope
317 1714 547 1755 Churchura
571 1709 715 1769 (Buhsl
737 1714 854 1767 ).F1.
879 1717 962 1753 aest.

222 1784 270 1823 A.
295 1783 341 1822 R.
361 1783 532 1823 Aucheri
553 1795 626 1834 pro
649 1795 726 1833 quo
753 1795 840 1822 eum
867 1782 978 1832 prius
998 1780 1215 1821 habueram
1232 1781 1362 1820 differt
1382 1781 1531 1832 radice,
1549 1782 1764 1831 segmentis
1779 1793 1860 1822 ses-

165 1844 303 1883 silibus
324 1843 529 1894 foliorum,
554 1847 683 1882 rostro
706 1843 827 1881 multo
851 1842 1047 1881 breviore.

238 1998 299 2042 R.
334 1998 682 2053 eriocarpus
727 1995 888 2054 (Boiss
934 1996 1044 2038 Ann
1089 1995 1152 2039 Sc.
1193 1994 1287 2038 Nat.
1326 1994 1529 2067 1841,.9
1559 1995 1669 2055 351)
1706 2003 1864 2055 praeter

165 2056 265 2100 folia
293 2055 496 2100 ladicalia
524 2055 717 2113 glabram
744 2055 946 2112 adpresse
973 2054 1138 2108 hirtus,
1168 2054 1289 2097 fibiis
1315 2054 1528 2112 oblongis,
1559 2056 1671 2100 foliis
1698 2056 1863 2099 radica-

166 2116 278 2159 libus
307 2115 470 2159 ambitu
498 2115 692 2158 rotundis
728 2113 914 2158 trisectis
943 2113 1175 2170 segmentis
1202 2113 1463 2171 petiolulatis
1498 2114 1860 2173 palmatipartitis,

165 2175 286 2219 caule
311 2175 577 2218 divaricatim
605 2187 791 2227 13111050,
821 2173 938 2231 spica
963 2172 1151 2216 breviter
1178 2175 1299 2215 ovata
1325 2173 1522 2230 031901115
1548 2174 1679 2217 dense
1695 2181 1863 2217 tomen-

163 2234 268 2278 tosis
295 2234 427 2278 ovatis
455 2234 498 2277 in
542 2240 729 2277 rostrum
756 2239 885 2276 tenue
918 2231 1038 2290 apice
1073 2231 1357 2275 circinnatum
1394 2231 1457 2276 eis
1497 2232 1669 2277 brevius
1701 2232 1863 2277 abeun-

163 2293 278 2337 tibus
314 2301 375 2343 26.

222 2364 325 2404 Η311.
347 2365 386 2402 111
409 2366 538 2403 monte
555 2362 728 2412 Akdagh
751 2361 1015 2412 Cappadociae
1040 2359 1181 2415 (Auch.
1208 2373 1293 2400 exs.
1320 2359 1380 2402 20
1394 2356 1404 2400 !
1420 2361 1450 2414 ).

225 2433 366 2472 Differt
389 2445 412 2471 a
435 2433 585 2472 duobus
607 2431 922 2481 praecedentibus
948 2430 1132 2479 carpellis
1157 2430 1403 2470 tomentosis.

235 2569 820 2615 R.He1dreichi·anus
858 2568 995 2626 (Jord
1031 2568 1204 2613 Observ
1235 2569 1304 2622 Vl,
1325 2583 1375 2636 p
1412 2569 1490 2627 14)
1529 2569 1731 2628 adpresse
1772 2567 1864 2614 hir·

166 2636 311 2683 sutus,
341 2629 505 2687 grumis
533 2628 665 2672 ovatis
692 2627 874 2680 inflatis,
906 2628 1013 2671 collo
1040 2627 1217 2682 fibroso,
1246 2627 1360 2672 foliis
1400 2628 1660 2673 radicalihus
1701 2629 1864 2673 ambitu

165 2687 353 2732 breviter
379 2688 511 2732 ovatis
538 2687 723 2731 trisectis
766 2686 998 2743 segmentis
1032 2686 1224 2730 cuneatis
1263 2686 1419 2730 inciso·
1401 2687 1577 2731 -lobatis
1608 2687 1864 2732 intermedio

165 2747 291 2805 longe
317 2747 581 2813 petiolulato,
612 2747 731 2790 caule
759 2759 946 2811 ramoso,
977 2745 1092 2811 spica
1117 2748 1238 2789 ovata
1264 2745 1461 2803 031901115
1486 2747 1745 2804 punctulatis
1780 2746 1866 2792 his-

166 2806 325 2863 pidulis
351 2820 395 2849 111
423 2812 611 2850 lostrum
638 2812 804 2849 rectum
831 2803 950 2862 apice
976 2803 1200 2847 incurvum
1226 2804 1485 2850 abeuntibus
1521 2813 1582 2856 26.

226 2879 328 2917 Hab.
355 2879 393 2915 in
419 2877 574 2916 Graecia
598 2877 702 2916 circa
727 2876 858 2924 Argos
885 2873 1032 2928 (Heldr.
1061 2887 1110 2913 ex
1127 2875 1291 2925 Jordan)
1315 2875 1357 2913 in
1375 2877 1534 2926 pascuis
1558 2877 1754 2916 montanis
1769 2877 1865 2916 Par-

167 2939 308 2978 nethos
332 2937 474 2977 Atticae
499 2937 539 2975 in
564 2934 833 2980 consortioR.
854 2931 1113 2984 milostaehys
1139 2927 1298 2989 (Heldr!
1319 2936 1348 2983 ).
1374 2935 1432 2974 Fl.
1458 2935 1574 2976 maio.
