<?xml version="1.0" encoding="UTF-8"?>
<!DOCTYPE html PUBLIC "-//W3C//DTD XHTML 1.0 Transitional//EN"
    "http://www.w3.org/TR/xhtml1/DTD/xhtml1-transitional.dtd">
<html xmlns="http://www.w3.org/1999/xhtml" xml:lang="en" lang="en">
 <head>
  <title>
</title>
<meta http-equiv="Content-Type" content="text/html;charset=utf-8" />
  <meta name='ocr-system' content='tesseract 3.04.00' />
  <meta name='ocr-capabilities' content='ocr_page ocr_carea ocr_par ocr_line ocrx_word'/>
</head>
<body>
  <div class='ocr_page' id='page_1' title='image "./floraorientaliss01bois_0400.png"; bbox 0 0 2021 3235; ppageno 0'>
   <div class='ocr_carea' id='block_1_1' title="bbox 1005 100 1090 144">
    <p class='ocr_par' dir='ltr' id='par_1_1' title="bbox 1005 100 1090 144">
     <span class='ocr_line' id='line_1_1' title="bbox 1005 100 1090 144; baseline -0.012 0"><span class='ocrx_word' id='word_1_1' title='bbox 1005 100 1090 144; x_wconf 79' lang='lat'>356</span> 
     </span>
    </p>
   </div>
   <div class='ocr_carea' id='block_1_2' title="bbox 209 255 1895 979">
    <p class='ocr_par' dir='ltr' id='par_1_2' title="bbox 209 255 1895 598">
     <span class='ocr_line' id='line_1_2' title="bbox 269 255 1894 315; baseline -0.002 -10"><span class='ocrx_word' id='word_1_2' title='bbox 269 263 324 305; x_wconf 91' lang='lat' dir='ltr'>L.</span> <span class='ocrx_word' id='word_1_3' title='bbox 357 263 639 315; x_wconf 83' lang='lat' dir='ltr'>oxyotum</span> <span class='ocrx_word' id='word_1_4' title='bbox 681 258 765 309; x_wconf 84' lang='lat' dir='ltr'>(Dc.</span> <span class='ocrx_word' id='word_1_5' title='bbox 797 256 904 312; x_wconf 77' lang='lat' dir='ltr'>Syst.</span> <span class='ocrx_word' id='word_1_6' title='bbox 939 256 991 308; x_wconf 86' lang='lat' dir='ltr'>ll,</span> <span class='ocrx_word' id='word_1_7' title='bbox 1026 270 1066 312; x_wconf 90' lang='lat' dir='ltr'>p.</span> <span class='ocrx_word' id='word_1_8' title='bbox 1098 255 1202 312; x_wconf 77' lang='lat'>530)</span> <span class='ocrx_word' id='word_1_9' title='bbox 1246 257 1386 312; x_wconf 82' lang='lat' dir='ltr'>patule</span> <span class='ocrx_word' id='word_1_10' title='bbox 1422 256 1659 310; x_wconf 80' lang='lat' dir='ltr'>liirtellum,</span> <span class='ocrx_word' id='word_1_11' title='bbox 1702 259 1894 302; x_wconf 82' lang='lat' dir='ltr'>caulibus</span> 
     </span>
     <span class='ocr_line' id='line_1_3' title="bbox 209 314 1895 373; baseline -0.001 -11"><span class='ocrx_word' id='word_1_12' title='bbox 209 319 564 362; x_wconf 77' lang='lat' dir='ltr'>decumbentibus</span> <span class='ocrx_word' id='word_1_13' title='bbox 590 316 789 359; x_wconf 79' lang='lat' dir='ltr'>brevibus</span> <span class='ocrx_word' id='word_1_14' title='bbox 817 315 1222 368; x_wconf 78' lang='lat' dir='ltr'>extrarosularibus,</span> <span class='ocrx_word' id='word_1_15' title='bbox 1262 314 1372 357; x_wconf 88' lang='lat' dir='ltr'>foliis</span> <span class='ocrx_word' id='word_1_16' title='bbox 1402 315 1657 359; x_wconf 82' lang='lat' dir='ltr'>radicalibus</span> <span class='ocrx_word' id='word_1_17' title='bbox 1684 317 1895 373; x_wconf 84' lang='lat' dir='ltr'>petiolatis</span> 
     </span>
     <span class='ocr_line' id='line_1_4' title="bbox 209 373 1895 434; baseline -0.001 -13"><span class='ocrx_word' id='word_1_18' title='bbox 209 378 340 421; x_wconf 88' lang='lat' dir='ltr'>ovatis</span> <span class='ocrx_word' id='word_1_19' title='bbox 382 377 559 434; x_wconf 81' lang='lat' dir='ltr'>integris</span> <span class='ocrx_word' id='word_1_20' title='bbox 602 376 665 418; x_wconf 86' lang='lat' dir='ltr'>vel</span> <span class='ocrx_word' id='word_1_21' title='bbox 705 374 795 417; x_wconf 89' lang='lat' dir='ltr'>basi</span> <span class='ocrx_word' id='word_1_22' title='bbox 837 373 1223 427; x_wconf 78' lang='lat' dir='ltr'>dentato-sinuatis,</span> <span class='ocrx_word' id='word_1_23' title='bbox 1269 373 1449 416; x_wconf 74' lang='lat' dir='ltr'>caulinis</span> <span class='ocrx_word' id='word_1_24' title='bbox 1489 374 1664 419; x_wconf 84' lang='lat' dir='ltr'>minutis</span> <span class='ocrx_word' id='word_1_25' title='bbox 1700 376 1895 432; x_wconf 80' lang='lat' dir='ltr'>oblongis</span> 
     </span>
     <span class='ocr_line' id='line_1_5' title="bbox 210 431 1894 490; baseline -0.002 -10"><span class='ocrx_word' id='word_1_26' title='bbox 210 444 330 480; x_wconf 87' lang='lat' dir='ltr'>acute</span> <span class='ocrx_word' id='word_1_27' title='bbox 358 433 811 486; x_wconf 74' lang='lat' dir='ltr'>auriculam-hastatis,</span> <span class='ocrx_word' id='word_1_28' title='bbox 847 431 1021 475; x_wconf 89' lang='lat' dir='ltr'>siliculis</span> <span class='ocrx_word' id='word_1_29' title='bbox 1048 431 1223 475; x_wconf 90' lang='lat' dir='ltr'>minutis</span> <span class='ocrx_word' id='word_1_30' title='bbox 1249 431 1419 474; x_wconf 87' lang='lat' dir='ltr'>hirtulis</span> <span class='ocrx_word' id='word_1_31' title='bbox 1448 433 1642 490; x_wconf 83' lang='lat' dir='ltr'>ellipticis</span> <span class='ocrx_word' id='word_1_32' title='bbox 1670 434 1761 477; x_wconf 90' lang='lat' dir='ltr'>basi</span> <span class='ocrx_word' id='word_1_33' title='bbox 1788 442 1894 478; x_wconf 84' lang='lat' dir='ltr'>atte-</span> 
     </span>
     <span class='ocr_line' id='line_1_6' title="bbox 210 490 1894 552; baseline -0.002 -13"><span class='ocrx_word' id='word_1_34' title='bbox 210 495 350 539; x_wconf 87' lang='lat' dir='ltr'>nuatis</span> <span class='ocrx_word' id='word_1_35' title='bbox 384 495 502 552; x_wconf 90' lang='lat' dir='ltr'>apice</span> <span class='ocrx_word' id='word_1_36' title='bbox 537 493 763 536; x_wconf 73' lang='lat' dir='ltr'>rotundato</span> <span class='ocrx_word' id='word_1_37' title='bbox 793 490 997 533; x_wconf 85' lang='lat' dir='ltr'>truncatis</span> <span class='ocrx_word' id='word_1_38' title='bbox 1038 504 1222 547; x_wconf 82' lang='lat' dir='ltr'>superne</span> <span class='ocrx_word' id='word_1_39' title='bbox 1265 490 1565 547; x_wconf 79' lang='lat' dir='ltr'>angustissime</span> <span class='ocrx_word' id='word_1_40' title='bbox 1606 493 1744 547; x_wconf 87' lang='lat' dir='ltr'>alatis,</span> <span class='ocrx_word' id='word_1_41' title='bbox 1788 494 1894 551; x_wconf 84' lang='lat' dir='ltr'>stylo</span> 
     </span>
     <span class='ocr_line' id='line_1_7' title="bbox 210 549 888 598; baseline -0.009 -1"><span class='ocrx_word' id='word_1_42' title='bbox 210 554 373 597; x_wconf 78' lang='lat' dir='ltr'>silicula</span> <span class='ocrx_word' id='word_1_43' title='bbox 401 553 577 596; x_wconf 91' lang='lat' dir='ltr'>dimidio</span> <span class='ocrx_word' id='word_1_44' title='bbox 605 549 790 595; x_wconf 85' lang='lat' dir='ltr'>breviori</span> <span class='ocrx_word' id='word_1_45' title='bbox 828 557 888 598; x_wconf 65' lang='lat'>26.</span> 
     </span>
    </p>

    <p class='ocr_par' dir='ltr' id='par_1_3' title="bbox 268 623 804 674">
     <span class='ocr_line' id='line_1_8' title="bbox 268 623 804 674; baseline -0.007 -10"><span class='ocrx_word' id='word_1_46' title='bbox 268 627 371 664; x_wconf 92' lang='lat' dir='ltr'>Hab.</span> <span class='ocrx_word' id='word_1_47' title='bbox 398 627 437 663; x_wconf 91' lang='lat' dir='ltr'>in</span> <span class='ocrx_word' id='word_1_48' title='bbox 459 625 575 674; x_wconf 71' lang='lat' dir='ltr'>Syria</span> <span class='ocrx_word' id='word_1_49' title='bbox 599 623 745 674; x_wconf 89' lang='lat' dir='ltr'>(Labill</span> <span class='ocrx_word' id='word_1_50' title='bbox 760 623 804 672; x_wconf 79' lang='lat' dir='ltr'>l).</span> 
     </span>
    </p>

    <p class='ocr_par' dir='ltr' id='par_1_4' title="bbox 210 686 1894 979">
     <span class='ocr_line' id='line_1_9' title="bbox 269 686 1888 740; baseline -0.002 -9"><span class='ocrx_word' id='word_1_51' title='bbox 269 694 410 732; x_wconf 82' lang='lat' dir='ltr'>Caules</span> <span class='ocrx_word' id='word_1_52' title='bbox 435 692 706 740; x_wconf 85' lang='lat' dir='ltr'>tripollicares‚</span> <span class='ocrx_word' id='word_1_53' title='bbox 731 689 911 726; x_wconf 87' lang='lat' dir='ltr'>foliorum</span> <span class='ocrx_word' id='word_1_54' title='bbox 935 687 1162 725; x_wconf 85' lang='lat' dir='ltr'>radicalium</span> <span class='ocrx_word' id='word_1_55' title='bbox 1186 688 1327 725; x_wconf 89' lang='lat' dir='ltr'>limbus</span> <span class='ocrx_word' id='word_1_56' title='bbox 1352 686 1379 726; x_wconf 84' lang='lat'>5</span> <span class='ocrx_word' id='word_1_57' title='bbox 1404 687 1527 725; x_wconf 87' lang='lat' dir='ltr'>lineas</span> <span class='ocrx_word' id='word_1_58' title='bbox 1556 689 1696 737; x_wconf 82' lang='lat' dir='ltr'>longus</span> <span class='ocrx_word' id='word_1_59' title='bbox 1714 688 1743 728; x_wconf 79' lang='lat'>4</span> <span class='ocrx_word' id='word_1_60' title='bbox 1773 690 1888 740; x_wconf 84' lang='lat' dir='ltr'>latus,</span> 
     </span>
     <span class='ocr_line' id='line_1_10' title="bbox 210 744 1890 799; baseline -0.002 -8"><span class='ocrx_word' id='word_1_61' title='bbox 210 754 354 792; x_wconf 83' lang='lat' dir='ltr'>racemi</span> <span class='ocrx_word' id='word_1_62' title='bbox 377 749 484 792; x_wconf 86' lang='grc'><strong>8-10</strong></span> <span class='ocrx_word' id='word_1_63' title='bbox 505 751 604 798; x_wconf 80' lang='lat' dir='ltr'>flori,</span> <span class='ocrx_word' id='word_1_64' title='bbox 630 750 779 786; x_wconf 84' lang='lat' dir='ltr'>silicula</span> <span class='ocrx_word' id='word_1_65' title='bbox 799 748 864 784; x_wconf 84' lang='lat' dir='ltr'>vix</span> <span class='ocrx_word' id='word_1_66' title='bbox 887 744 915 784; x_wconf 74' lang='grc'><strong>2</strong></span> <span class='ocrx_word' id='word_1_67' title='bbox 938 746 1062 784; x_wconf 87' lang='lat' dir='ltr'>lineas</span> <span class='ocrx_word' id='word_1_68' title='bbox 1086 747 1217 794; x_wconf 83' lang='lat' dir='ltr'>longa.</span> <span class='ocrx_word' id='word_1_69' title='bbox 1245 747 1364 785; x_wconf 86' lang='lat' dir='ltr'>Facie</span> <span class='ocrx_word' id='word_1_70' title='bbox 1386 747 1424 785; x_wconf 91' lang='lat' dir='ltr'>L.</span> <span class='ocrx_word' id='word_1_71' title='bbox 1450 747 1594 796; x_wconf 74' lang='lat' dir='ltr'>stylato</span> <span class='ocrx_word' id='word_1_72' title='bbox 1619 749 1735 787; x_wconf 85' lang='lat' dir='ltr'>valde</span> <span class='ocrx_word' id='word_1_73' title='bbox 1759 749 1890 799; x_wconf 79' lang='lat' dir='ltr'>affine,</span> 
     </span>
     <span class='ocr_line' id='line_1_11' title="bbox 210 806 1894 862; baseline -0.002 -11"><span class='ocrx_word' id='word_1_74' title='bbox 210 827 233 851; x_wconf 91' lang='lat' dir='ltr'>a</span> <span class='ocrx_word' id='word_1_75' title='bbox 257 812 568 862; x_wconf 82' lang='lat' dir='ltr'>praecedentibus</span> <span class='ocrx_word' id='word_1_76' title='bbox 590 809 742 847; x_wconf 72' lang='lat' dir='ltr'>silicula</span> <span class='ocrx_word' id='word_1_77' title='bbox 760 808 884 857; x_wconf 69' lang='lat' dir='ltr'>parva</span> <span class='ocrx_word' id='word_1_78' title='bbox 902 806 1014 855; x_wconf 81' lang='lat' dir='ltr'>apice</span> <span class='ocrx_word' id='word_1_79' title='bbox 1036 818 1114 843; x_wconf 91' lang='lat' dir='ltr'>non</span> <span class='ocrx_word' id='word_1_80' title='bbox 1131 806 1264 844; x_wconf 64' lang='lat' dir='ltr'>lobata</span> <span class='ocrx_word' id='word_1_81' title='bbox 1280 818 1353 845; x_wconf 88' lang='lat' dir='ltr'>nec</span> <span class='ocrx_word' id='word_1_82' title='bbox 1370 810 1503 845; x_wconf 74' lang='lat' dir='ltr'>retusa</span> <span class='ocrx_word' id='word_1_83' title='bbox 1515 809 1585 846; x_wconf 86' lang='lat' dir='ltr'>sed</span> <span class='ocrx_word' id='word_1_84' title='bbox 1600 809 1811 847; x_wconf 54' lang='lat' dir='ltr'>rotundat&amp;</span> <span class='ocrx_word' id='word_1_85' title='bbox 1828 821 1894 846; x_wconf 90' lang='lat' dir='ltr'>an-</span> 
     </span>
     <span class='ocr_line' id='line_1_12' title="bbox 210 865 1891 922; baseline -0.004 -11"><span class='ocrx_word' id='word_1_86' title='bbox 210 876 322 922; x_wconf 86' lang='lat' dir='ltr'>guste</span> <span class='ocrx_word' id='word_1_87' title='bbox 347 873 452 909; x_wconf 74' lang='lat' dir='ltr'>alata</span> <span class='ocrx_word' id='word_1_88' title='bbox 474 870 588 908; x_wconf 83' lang='lat' dir='ltr'>facile</span> <span class='ocrx_word' id='word_1_89' title='bbox 610 866 925 917; x_wconf 83' lang='lat' dir='ltr'>distinguendum</span> <span class='ocrx_word' id='word_1_90' title='bbox 954 866 1005 914; x_wconf 77' lang='lat' dir='ltr'>(v,</span> <span class='ocrx_word' id='word_1_91' title='bbox 1033 877 1064 903; x_wconf 92' lang='lat' dir='ltr'>s.</span> <span class='ocrx_word' id='word_1_92' title='bbox 1091 865 1229 916; x_wconf 84' lang='lat' dir='ltr'>fragm.</span> <span class='ocrx_word' id='word_1_93' title='bbox 1255 866 1294 903; x_wconf 91' lang='lat' dir='ltr'>in</span> <span class='ocrx_word' id='word_1_94' title='bbox 1318 879 1383 905; x_wconf 83' lang='lat' dir='ltr'>Do.</span> <span class='ocrx_word' id='word_1_95' title='bbox 1409 865 1518 905; x_wconf 86' lang='lat' dir='ltr'>herb.</span> <span class='ocrx_word' id='word_1_96' title='bbox 1545 872 1583 905; x_wconf 86' lang='lat' dir='ltr'>et</span> <span class='ocrx_word' id='word_1_97' title='bbox 1605 880 1711 917; x_wconf 83' lang='lat' dir='ltr'>spec.</span> <span class='ocrx_word' id='word_1_98' title='bbox 1743 881 1766 906; x_wconf 88' lang='lat' dir='ltr'>a</span> <span class='ocrx_word' id='word_1_99' title='bbox 1789 868 1891 907; x_wconf 91' lang='lat' dir='ltr'>Mus.</span> 
     </span>
     <span class='ocr_line' id='line_1_13' title="bbox 211 926 633 979; baseline -0.009 -10"><span class='ocrx_word' id='word_1_100' title='bbox 211 933 382 970; x_wconf 83' lang='lat' dir='ltr'>Florent.</span> <span class='ocrx_word' id='word_1_101' title='bbox 411 926 633 979; x_wconf 63' lang='lat' dir='ltr'>commum).</span> 
     </span>
    </p>
   </div>
   <div class='ocr_carea' id='block_1_3' title="bbox 214 1063 1898 1241">
    <p class='ocr_par' dir='ltr' id='par_1_5' title="bbox 214 1063 1898 1241">
     <span class='ocr_line' id='line_1_14' title="bbox 214 1063 1898 1122; baseline -0.003 -8"><span class='ocrx_word' id='word_1_102' title='bbox 214 1071 336 1114; x_wconf 79' lang='lat' dir='ltr'>SECT.</span> <span class='ocrx_word' id='word_1_103' title='bbox 386 1069 454 1112; x_wconf 90' lang='grc' dir='ltr'>ΙΙΙ,</span> <span class='ocrx_word' id='word_1_104' title='bbox 494 1067 726 1111; x_wconf 76' lang='lat' dir='ltr'>CARDARIA.</span> <span class='ocrx_word' id='word_1_105' title='bbox 766 1079 831 1109; x_wconf 86' lang='lat' dir='ltr'>nc.</span> <span class='ocrx_word' id='word_1_106' title='bbox 869 1064 977 1122; x_wconf 74' lang='lat' dir='ltr'>Syst.</span> <span class='ocrx_word' id='word_1_107' title='bbox 1019 1064 1082 1114; x_wconf 83' lang='lat' dir='ltr'>ll,</span> <span class='ocrx_word' id='word_1_108' title='bbox 1112 1079 1153 1121; x_wconf 88' lang='lat' dir='ltr'>p.</span> <span class='ocrx_word' id='word_1_109' title='bbox 1194 1063 1294 1107; x_wconf 62' lang='lat'>594.</span> <span class='ocrx_word' id='word_1_110' title='bbox 1340 1091 1395 1095; x_wconf 91' lang='lat'>—</span> <span class='ocrx_word' id='word_1_111' title='bbox 1439 1064 1625 1108; x_wconf 78' lang='lat' dir='ltr'>Silicula</span> <span class='ocrx_word' id='word_1_112' title='bbox 1662 1071 1898 1109; x_wconf 76' lang='lat' dir='ltr'>transverse</span> 
     </span>
     <span class='ocr_line' id='line_1_15' title="bbox 593 1123 1898 1182; baseline 0 -14"><span class='ocrx_word' id='word_1_113' title='bbox 593 1131 715 1168; x_wconf 78' lang='lat' dir='ltr'>ovata</span> <span class='ocrx_word' id='word_1_114' title='bbox 742 1125 830 1168; x_wconf 68' lang='lat' dir='ltr'>basi</span> <span class='ocrx_word' id='word_1_115' title='bbox 851 1124 1005 1180; x_wconf 75' lang='lat' dir='ltr'>soepius</span> <span class='ocrx_word' id='word_1_116' title='bbox 1029 1124 1204 1166; x_wconf 76' lang='lat' dir='ltr'>cordata</span> <span class='ocrx_word' id='word_1_117' title='bbox 1225 1123 1343 1180; x_wconf 76' lang='lat' dir='ltr'>apice</span> <span class='ocrx_word' id='word_1_118' title='bbox 1369 1124 1538 1180; x_wconf 73' lang='lat' dir='ltr'>inleyra</span> <span class='ocrx_word' id='word_1_119' title='bbox 1556 1125 1692 1167; x_wconf 77' lang='lat' dir='ltr'>valvis</span> <span class='ocrx_word' id='word_1_120' title='bbox 1712 1125 1898 1182; x_wconf 75' lang='lat' dir='ltr'>turyidis</span> 
     </span>
     <span class='ocr_line' id='line_1_16' title="bbox 591 1182 1296 1241; baseline -0.003 -14"><span class='ocrx_word' id='word_1_121' title='bbox 591 1184 767 1241; x_wconf 78' lang='lat' dir='ltr'>apteris.</span> <span class='ocrx_word' id='word_1_122' title='bbox 802 1182 1074 1239; x_wconf 76' lang='lat' dir='ltr'>Cotyledones</span> <span class='ocrx_word' id='word_1_123' title='bbox 1105 1183 1296 1240; x_wconf 71' lang='lat' dir='ltr'>inteyrae.</span> 
     </span>
    </p>
   </div>
   <div class='ocr_carea' id='block_1_4' title="bbox 215 1290 1905 1647">
    <p class='ocr_par' dir='ltr' id='par_1_6' title="bbox 215 1290 1905 1647">
     <span class='ocr_line' id='line_1_17' title="bbox 271 1290 1898 1350; baseline -0.003 -9"><span class='ocrx_word' id='word_1_124' title='bbox 271 1298 328 1341; x_wconf 91' lang='lat' dir='ltr'>L.</span> <span class='ocrx_word' id='word_1_125' title='bbox 360 1296 554 1340; x_wconf 85' lang='lat' dir='ltr'>Draba</span> <span class='ocrx_word' id='word_1_126' title='bbox 590 1293 652 1350; x_wconf 90' lang='lat' dir='ltr'>(L.</span> <span class='ocrx_word' id='word_1_127' title='bbox 682 1292 751 1349; x_wconf 86' lang='lat' dir='ltr'>Sp.</span> <span class='ocrx_word' id='word_1_128' title='bbox 783 1293 816 1346; x_wconf 90' lang='lat' dir='ltr'>l,</span> <span class='ocrx_word' id='word_1_129' title='bbox 844 1306 885 1349; x_wconf 86' lang='lat' dir='ltr'>p.</span> <span class='ocrx_word' id='word_1_130' title='bbox 916 1290 1020 1349; x_wconf 74' lang='lat'>645)</span> <span class='ocrx_word' id='word_1_131' title='bbox 1048 1291 1304 1348; x_wconf 84' lang='lat' dir='ltr'>pubescens,</span> <span class='ocrx_word' id='word_1_132' title='bbox 1333 1291 1453 1335; x_wconf 89' lang='lat' dir='ltr'>caule</span> <span class='ocrx_word' id='word_1_133' title='bbox 1481 1297 1621 1335; x_wconf 88' lang='lat' dir='ltr'>erecto</span> <span class='ocrx_word' id='word_1_134' title='bbox 1648 1293 1898 1350; x_wconf 84' lang='lat' dir='ltr'>corymbose</span> 
     </span>
     <span class='ocr_line' id='line_1_18' title="bbox 215 1349 1903 1408; baseline -0.002 -9"><span class='ocrx_word' id='word_1_135' title='bbox 215 1369 402 1408; x_wconf 87' lang='lat' dir='ltr'>ramoso,</span> <span class='ocrx_word' id='word_1_136' title='bbox 443 1352 554 1396; x_wconf 89' lang='lat' dir='ltr'>foliis</span> <span class='ocrx_word' id='word_1_137' title='bbox 589 1351 783 1406; x_wconf 77' lang='lat' dir='ltr'>oblongis</span> <span class='ocrx_word' id='word_1_138' title='bbox 817 1350 1016 1408; x_wconf 78' lang='lat' dir='ltr'>repandis</span> <span class='ocrx_word' id='word_1_139' title='bbox 1042 1351 1105 1393; x_wconf 90' lang='lat' dir='ltr'>vel</span> <span class='ocrx_word' id='word_1_140' title='bbox 1133 1349 1315 1393; x_wconf 84' lang='lat' dir='ltr'>dentatis</span> <span class='ocrx_word' id='word_1_141' title='bbox 1344 1349 1601 1393; x_wconf 86' lang='lat' dir='ltr'>radicalibus</span> <span class='ocrx_word' id='word_1_142' title='bbox 1627 1350 1671 1393; x_wconf 88' lang='lat' dir='ltr'>in</span> <span class='ocrx_word' id='word_1_143' title='bbox 1697 1351 1903 1407; x_wconf 86' lang='lat' dir='ltr'>petiolum</span> 
     </span>
     <span class='ocr_line' id='line_1_19' title="bbox 215 1408 1902 1467; baseline -0.003 -10"><span class='ocrx_word' id='word_1_144' title='bbox 215 1413 441 1457; x_wconf 86' lang='lat' dir='ltr'>attenuatis</span> <span class='ocrx_word' id='word_1_145' title='bbox 469 1411 649 1455; x_wconf 83' lang='lat' dir='ltr'>caulinis</span> <span class='ocrx_word' id='word_1_146' title='bbox 676 1409 1294 1467; x_wconf 85' lang='lat' dir='ltr'>sagittato—amplexicaulibus‚</span> <span class='ocrx_word' id='word_1_147' title='bbox 1324 1408 1489 1452; x_wconf 80' lang='lat' dir='ltr'>silicula</span> <span class='ocrx_word' id='word_1_148' title='bbox 1507 1416 1745 1453; x_wconf 77' lang='lat' dir='ltr'>transverse</span> <span class='ocrx_word' id='word_1_149' title='bbox 1762 1410 1902 1454; x_wconf 89' lang='lat' dir='ltr'>latiori</span> 
     </span>
     <span class='ocr_line' id='line_1_20' title="bbox 215 1467 1898 1528; baseline -0.002 -12"><span class='ocrx_word' id='word_1_150' title='bbox 215 1472 305 1516; x_wconf 90' lang='lat' dir='ltr'>basi</span> <span class='ocrx_word' id='word_1_151' title='bbox 334 1472 504 1515; x_wconf 73' lang='lat' dir='ltr'>cordata</span> <span class='ocrx_word' id='word_1_152' title='bbox 532 1471 637 1528; x_wconf 77' lang='lat' dir='ltr'>stylo</span> <span class='ocrx_word' id='word_1_153' title='bbox 665 1472 712 1511; x_wconf 74' lang='lat' dir='ltr'>ea</span> <span class='ocrx_word' id='word_1_154' title='bbox 740 1469 978 1525; x_wconf 86' lang='lat' dir='ltr'>quadruplo</span> <span class='ocrx_word' id='word_1_155' title='bbox 1006 1468 1193 1511; x_wconf 86' lang='lat' dir='ltr'>breviori</span> <span class='ocrx_word' id='word_1_156' title='bbox 1220 1467 1431 1525; x_wconf 79' lang='lat' dir='ltr'>apiculata</span> <span class='ocrx_word' id='word_1_157' title='bbox 1456 1468 1585 1510; x_wconf 83' lang='lat' dir='ltr'>valvis</span> <span class='ocrx_word' id='word_1_158' title='bbox 1616 1468 1796 1524; x_wconf 76' lang='lat' dir='ltr'>turgidis</span> <span class='ocrx_word' id='word_1_159' title='bbox 1839 1477 1898 1518; x_wconf 70' lang='lat'>36.</span> 
     </span>
     <span class='ocr_line' id='line_1_21' title="bbox 219 1526 1905 1583; baseline -0.003 -8"><span class='ocrx_word' id='word_1_160' title='bbox 219 1531 432 1575; x_wconf 74' lang='lat' dir='ltr'>Cardarz&#39;a</span> <span class='ocrx_word' id='word_1_161' title='bbox 459 1529 591 1572; x_wconf 59' lang='lat' dir='ltr'>(liuba</span> <span class='ocrx_word' id='word_1_162' title='bbox 617 1528 735 1571; x_wconf 78' lang='lat' dir='ltr'>Desv,</span> <span class='ocrx_word' id='word_1_163' title='bbox 766 1527 915 1571; x_wconf 86' lang='lat' dir='ltr'>Journ.</span> <span class='ocrx_word' id='word_1_164' title='bbox 948 1527 1020 1581; x_wconf 82' lang='grc' dir='ltr'>ΙΙΙ,</span> <span class='ocrx_word' id='word_1_165' title='bbox 1049 1541 1090 1583; x_wconf 92' lang='lat' dir='ltr'>p.</span> <span class='ocrx_word' id='word_1_166' title='bbox 1122 1526 1222 1570; x_wconf 79' lang='grc'><strong>163.</strong></span> <span class='ocrx_word' id='word_1_167' title='bbox 1260 1526 1394 1569; x_wconf 87' lang='lat' dir='ltr'>Rchb.</span> <span class='ocrx_word' id='word_1_168' title='bbox 1427 1527 1455 1569; x_wconf 89' lang='lat' dir='ltr'>f.</span> <span class='ocrx_word' id='word_1_169' title='bbox 1485 1526 1616 1569; x_wconf 65' lang='lat'>4241.</span> <span class='ocrx_word' id='word_1_170' title='bbox 1657 1528 1754 1583; x_wconf 78' lang='lat' dir='ltr'>Lep.</span> <span class='ocrx_word' id='word_1_171' title='bbox 1790 1526 1905 1570; x_wconf 76' lang='lat' dir='ltr'>Cha-</span> 
     </span>
     <span class='ocr_line' id='line_1_22' title="bbox 218 1585 1900 1647; baseline -0.002 -14"><span class='ocrx_word' id='word_1_172' title='bbox 218 1591 379 1647; x_wconf 72' lang='lat' dir='ltr'>lepense</span> <span class='ocrx_word' id='word_1_173' title='bbox 421 1587 572 1631; x_wconf 88' lang='lat' dir='ltr'>Ledeb.</span> <span class='ocrx_word' id='word_1_174' title='bbox 614 1587 674 1630; x_wconf 86' lang='lat' dir='ltr'>Fl.</span> <span class='ocrx_word' id='word_1_175' title='bbox 714 1587 834 1630; x_wconf 80' lang='lat' dir='ltr'>Ross.</span> <span class='ocrx_word' id='word_1_176' title='bbox 872 1586 906 1640; x_wconf 91' lang='lat' dir='ltr'>I,</span> <span class='ocrx_word' id='word_1_177' title='bbox 940 1600 982 1643; x_wconf 95' lang='lat' dir='ltr'>p.</span> <span class='ocrx_word' id='word_1_178' title='bbox 1013 1585 1099 1629; x_wconf 67' lang='lat'>203</span> <span class='ocrx_word' id='word_1_179' title='bbox 1135 1592 1176 1629; x_wconf 83' lang='lat' dir='ltr'>et</span> <span class='ocrx_word' id='word_1_180' title='bbox 1209 1585 1341 1629; x_wconf 78' lang='lat' dir='ltr'>herb!</span> <span class='ocrx_word' id='word_1_181' title='bbox 1387 1585 1519 1629; x_wconf 90' lang='lat' dir='ltr'>Boiss.</span> <span class='ocrx_word' id='word_1_182' title='bbox 1550 1592 1590 1628; x_wconf 88' lang='lat' dir='ltr'>et</span> <span class='ocrx_word' id='word_1_183' title='bbox 1616 1586 1754 1629; x_wconf 89' lang='lat' dir='ltr'>Buhse</span> <span class='ocrx_word' id='word_1_184' title='bbox 1781 1586 1900 1630; x_wconf 86' lang='lat' dir='ltr'>Aufz.</span> 
     </span>
    </p>
   </div>
   <div class='ocr_carea' id='block_1_5' title="bbox 214 1649 367 1693">
    <p class='ocr_par' dir='ltr' id='par_1_7' title="bbox 214 1649 367 1693">
     <span class='ocr_line' id='line_1_23' title="bbox 214 1649 367 1693; baseline -0.02 0"><span class='ocrx_word' id='word_1_185' title='bbox 214 1663 300 1693; x_wconf 91' lang='lat' dir='ltr'>non</span> <span class='ocrx_word' id='word_1_186' title='bbox 324 1649 367 1691; x_wconf 91' lang='lat' dir='ltr'>L.</span> 
     </span>
    </p>
   </div>
   <div class='ocr_carea' id='block_1_6' title="bbox 216 1715 1903 1889">
    <p class='ocr_par' dir='ltr' id='par_1_8' title="bbox 216 1715 1903 1889">
     <span class='ocr_line' id='line_1_24' title="bbox 272 1715 1898 1758; baseline -0.002 0"><span class='ocrx_word' id='word_1_187' title='bbox 272 1721 371 1758; x_wconf 86' lang='lat' dir='ltr'>Hab.</span> <span class='ocrx_word' id='word_1_188' title='bbox 404 1719 442 1756; x_wconf 90' lang='lat' dir='ltr'>in</span> <span class='ocrx_word' id='word_1_189' title='bbox 476 1718 590 1756; x_wconf 84' lang='lat' dir='ltr'>cultis</span> <span class='ocrx_word' id='word_1_190' title='bbox 619 1717 738 1755; x_wconf 84' lang='lat' dir='ltr'>totius</span> <span class='ocrx_word' id='word_1_191' title='bbox 769 1715 928 1753; x_wconf 82' lang='lat' dir='ltr'>ditionis</span> <span class='ocrx_word' id='word_1_192' title='bbox 951 1728 974 1753; x_wconf 88' lang='lat' dir='ltr'>a</span> <span class='ocrx_word' id='word_1_193' title='bbox 1006 1715 1161 1754; x_wconf 69' lang='lat' dir='ltr'>Graecia</span> <span class='ocrx_word' id='word_1_194' title='bbox 1185 1719 1222 1753; x_wconf 87' lang='lat' dir='ltr'>et</span> <span class='ocrx_word' id='word_1_195' title='bbox 1250 1716 1483 1754; x_wconf 66' lang='lat' dir='ltr'>Macedonia</span> <span class='ocrx_word' id='word_1_196' title='bbox 1515 1716 1566 1754; x_wconf 84' lang='lat' dir='ltr'>ad</span> <span class='ocrx_word' id='word_1_197' title='bbox 1592 1716 1898 1755; x_wconf 87' lang='lat' dir='ltr'>Turkestaniam</span> 
     </span>
     <span class='ocr_line' id='line_1_25' title="bbox 218 1769 1903 1831; baseline -0.001 -15"><span class='ocrx_word' id='word_1_198' title='bbox 218 1779 407 1831; x_wconf 82' lang='lat' dir='ltr'>(Lehml)‚</span> <span class='ocrx_word' id='word_1_199' title='bbox 440 1777 699 1825; x_wconf 84' lang='lat' dir='ltr'>Babyloniam</span> <span class='ocrx_word' id='word_1_200' title='bbox 736 1779 774 1813; x_wconf 84' lang='lat' dir='ltr'>et</span> <span class='ocrx_word' id='word_1_201' title='bbox 800 1775 975 1813; x_wconf 89' lang='lat' dir='ltr'>Persiam</span> <span class='ocrx_word' id='word_1_202' title='bbox 1001 1769 1127 1826; x_wconf 71' lang='lat' dir='ltr'>(Noel</span> <span class='ocrx_word' id='word_1_203' title='bbox 1157 1774 1282 1814; x_wconf 88' lang='lat' dir='ltr'>Aueh.</span> <span class='ocrx_word' id='word_1_204' title='bbox 1320 1787 1400 1814; x_wconf 85' lang='lat' dir='ltr'>exs.</span> <span class='ocrx_word' id='word_1_205' title='bbox 1433 1773 1625 1827; x_wconf 74' lang='lat'>41551)‚</span> <span class='ocrx_word' id='word_1_206' title='bbox 1653 1775 1903 1825; x_wconf 82' lang='lat' dir='ltr'>Affghaniam</span> 
     </span>
     <span class='ocr_line' id='line_1_26' title="bbox 216 1828 963 1889; baseline -0.007 -12"><span class='ocrx_word' id='word_1_207' title='bbox 216 1832 376 1889; x_wconf 81' lang='lat' dir='ltr'>(Griffl)</span> <span class='ocrx_word' id='word_1_208' title='bbox 402 1840 438 1875; x_wconf 87' lang='lat' dir='ltr'>et</span> <span class='ocrx_word' id='word_1_209' title='bbox 453 1836 718 1875; x_wconf 86' lang='lat' dir='ltr'>Belutschiam</span> <span class='ocrx_word' id='word_1_210' title='bbox 743 1828 963 1887; x_wconf 82' lang='lat' dir='ltr'>(Stocksl).</span> 
     </span>
    </p>
   </div>
   <div class='ocr_carea' id='block_1_7' title="bbox 274 1904 946 1955">
    <p class='ocr_par' dir='ltr' id='par_1_9' title="bbox 274 1904 946 1955">
     <span class='ocr_line' id='line_1_27' title="bbox 274 1904 946 1955; baseline -0.006 -10"><span class='ocrx_word' id='word_1_211' title='bbox 274 1905 351 1947; x_wconf 86' lang='lat' dir='ltr'>Ar.</span> <span class='ocrx_word' id='word_1_212' title='bbox 369 1910 530 1955; x_wconf 74' lang='lat' dir='ltr'>Geogr.</span> <span class='ocrx_word' id='word_1_213' title='bbox 566 1905 726 1953; x_wconf 84' lang='lat' dir='ltr'>Europa</span> <span class='ocrx_word' id='word_1_214' title='bbox 749 1904 946 1942; x_wconf 82' lang='lat' dir='ltr'>australis.</span> 
     </span>
    </p>
   </div>
   <div class='ocr_carea' id='block_1_8' title="bbox 216 2039 1906 2336">
    <p class='ocr_par' dir='ltr' id='par_1_10' title="bbox 216 2039 1906 2336">
     <span class='ocr_line' id='line_1_28' title="bbox 275 2039 1904 2100; baseline -0.002 -12"><span class='ocrx_word' id='word_1_215' title='bbox 275 2046 330 2088; x_wconf 90' lang='lat' dir='ltr'>L.</span> <span class='ocrx_word' id='word_1_216' title='bbox 368 2055 584 2100; x_wconf 84' lang='lat' dir='ltr'>repens</span> <span class='ocrx_word' id='word_1_217' title='bbox 621 2040 854 2098; x_wconf 84' lang='lat' dir='ltr'>(Schrenck</span> <span class='ocrx_word' id='word_1_218' title='bbox 890 2041 1040 2084; x_wconf 88' lang='lat' dir='ltr'>Enum.</span> <span class='ocrx_word' id='word_1_219' title='bbox 1072 2042 1130 2099; x_wconf 93' lang='lat' dir='ltr'>pl.</span> <span class='ocrx_word' id='word_1_220' title='bbox 1166 2055 1263 2084; x_wconf 91' lang='lat' dir='ltr'>nov.</span> <span class='ocrx_word' id='word_1_221' title='bbox 1304 2054 1344 2097; x_wconf 92' lang='lat' dir='ltr'>p.</span> <span class='ocrx_word' id='word_1_222' title='bbox 1376 2039 1430 2085; x_wconf 81' lang='lat'>97</span> <span class='ocrx_word' id='word_1_223' title='bbox 1469 2040 1547 2084; x_wconf 90' lang='lat' dir='ltr'>sub</span> <span class='ocrx_word' id='word_1_224' title='bbox 1582 2040 1904 2099; x_wconf 71' lang='lat' dir='ltr'>Physolepidio)</span> 
     </span>
     <span class='ocr_line' id='line_1_29' title="bbox 216 2099 1903 2157; baseline -0.002 -11"><span class='ocrx_word' id='word_1_225' title='bbox 216 2115 464 2155; x_wconf 85' lang='lat' dir='ltr'>canescens,</span> <span class='ocrx_word' id='word_1_226' title='bbox 495 2101 614 2144; x_wconf 89' lang='lat' dir='ltr'>caule</span> <span class='ocrx_word' id='word_1_227' title='bbox 641 2100 890 2157; x_wconf 83' lang='lat' dir='ltr'>corymbose</span> <span class='ocrx_word' id='word_1_228' title='bbox 918 2114 1104 2154; x_wconf 86' lang='lat' dir='ltr'>ramoso,</span> <span class='ocrx_word' id='word_1_229' title='bbox 1134 2100 1244 2143; x_wconf 86' lang='lat' dir='ltr'>foliis</span> <span class='ocrx_word' id='word_1_230' title='bbox 1272 2099 1467 2156; x_wconf 81' lang='lat' dir='ltr'>oblongis</span> <span class='ocrx_word' id='word_1_231' title='bbox 1496 2100 1903 2156; x_wconf 83' lang='lat' dir='ltr'>repando-dentatis,</span> 
     </span>
     <span class='ocr_line' id='line_1_30' title="bbox 216 2158 1906 2214; baseline -0.002 -10"><span class='ocrx_word' id='word_1_232' title='bbox 216 2161 396 2205; x_wconf 85' lang='lat' dir='ltr'>caulinis</span> <span class='ocrx_word' id='word_1_233' title='bbox 423 2166 543 2203; x_wconf 89' lang='lat' dir='ltr'>acute</span> <span class='ocrx_word' id='word_1_234' title='bbox 571 2158 1032 2213; x_wconf 81' lang='lat' dir='ltr'>cordato-auriculatis‚</span> <span class='ocrx_word' id='word_1_235' title='bbox 1076 2159 1251 2203; x_wconf 87' lang='lat' dir='ltr'>siliculis</span> <span class='ocrx_word' id='word_1_236' title='bbox 1293 2158 1453 2214; x_wconf 81' lang='lat' dir='ltr'>glabris</span> <span class='ocrx_word' id='word_1_237' title='bbox 1495 2164 1737 2203; x_wconf 82' lang='lat' dir='ltr'>transverse</span> <span class='ocrx_word' id='word_1_238' title='bbox 1774 2159 1906 2202; x_wconf 86' lang='lat' dir='ltr'>ovatis</span> 
     </span>
     <span class='ocr_line' id='line_1_31' title="bbox 216 2216 1906 2276; baseline -0.001 -14"><span class='ocrx_word' id='word_1_239' title='bbox 216 2219 373 2262; x_wconf 80' lang='lat' dir='ltr'>inflatis</span> <span class='ocrx_word' id='word_1_240' title='bbox 399 2218 491 2262; x_wconf 87' lang='lat' dir='ltr'>basi</span> <span class='ocrx_word' id='word_1_241' title='bbox 518 2225 557 2261; x_wconf 81' lang='lat' dir='ltr'>et</span> <span class='ocrx_word' id='word_1_242' title='bbox 584 2217 700 2273; x_wconf 89' lang='lat' dir='ltr'>apice</span> <span class='ocrx_word' id='word_1_243' title='bbox 729 2217 966 2261; x_wconf 80' lang='lat' dir='ltr'>rotundatis</span> <span class='ocrx_word' id='word_1_244' title='bbox 993 2219 1100 2276; x_wconf 78' lang='lat' dir='ltr'>stylo</span> <span class='ocrx_word' id='word_1_245' title='bbox 1133 2231 1282 2261; x_wconf 90' lang='lat' dir='ltr'>earum</span> <span class='ocrx_word' id='word_1_246' title='bbox 1315 2217 1464 2274; x_wconf 87' lang='lat' dir='ltr'>longit.</span> <span class='ocrx_word' id='word_1_247' title='bbox 1505 2216 1684 2261; x_wconf 90' lang='lat' dir='ltr'>dimidio</span> <span class='ocrx_word' id='word_1_248' title='bbox 1719 2217 1906 2262; x_wconf 89' lang='lat' dir='ltr'>breviori</span> 
     </span>
     <span class='ocr_line' id='line_1_32' title="bbox 219 2274 1220 2336; baseline -0.003 -14"><span class='ocrx_word' id='word_1_249' title='bbox 219 2277 455 2336; x_wconf 85' lang='lat' dir='ltr'>apiculatis‚</span> <span class='ocrx_word' id='word_1_250' title='bbox 483 2275 632 2319; x_wconf 92' lang='lat' dir='ltr'>loculis</span> <span class='ocrx_word' id='word_1_251' title='bbox 660 2274 876 2319; x_wconf 85' lang='lat' dir='ltr'>interdum</span> <span class='ocrx_word' id='word_1_252' title='bbox 902 2276 1127 2320; x_wconf 85' lang='lat' dir='ltr'>biovulatis</span> <span class='ocrx_word' id='word_1_253' title='bbox 1161 2286 1220 2328; x_wconf 71' lang='lat'>26.</span> 
     </span>
    </p>
   </div>
   <div class='ocr_carea' id='block_1_9' title="bbox 273 2338 1365 2398">
    <p class='ocr_par' dir='ltr' id='par_1_11' title="bbox 273 2338 1365 2398">
     <span class='ocr_line' id='line_1_33' title="bbox 273 2338 1365 2398; baseline -0.003 -12"><span class='ocrx_word' id='word_1_254' title='bbox 273 2349 374 2386; x_wconf 86' lang='lat' dir='ltr'>Hab.</span> <span class='ocrx_word' id='word_1_255' title='bbox 401 2349 440 2385; x_wconf 89' lang='lat' dir='ltr'>in</span> <span class='ocrx_word' id='word_1_256' title='bbox 460 2346 675 2396; x_wconf 72' lang='lat' dir='ltr'>Affghania</span> <span class='ocrx_word' id='word_1_257' title='bbox 696 2344 858 2397; x_wconf 66' lang='lat' dir='ltr'>(Grfflt).</span> <span class='ocrx_word' id='word_1_258' title='bbox 886 2347 1115 2385; x_wconf 71' lang='lat' dir='ltr'>Belutschia</span> <span class='ocrx_word' id='word_1_259' title='bbox 1140 2344 1300 2398; x_wconf 84' lang='lat' dir='ltr'>(Stocks</span> <span class='ocrx_word' id='word_1_260' title='bbox 1318 2338 1365 2394; x_wconf 79' lang='lat' dir='ltr'>l).</span> 
     </span>
    </p>
   </div>
   <div class='ocr_carea' id='block_1_10' title="bbox 212 2413 1908 2632">
    <p class='ocr_par' dir='ltr' id='par_1_12' title="bbox 212 2413 1908 2632">
     <span class='ocr_line' id='line_1_34' title="bbox 273 2413 1908 2465; baseline 0 -11"><span class='ocrx_word' id='word_1_261' title='bbox 273 2416 410 2454; x_wconf 84' lang='lat' dir='ltr'>Herba</span> <span class='ocrx_word' id='word_1_262' title='bbox 433 2415 588 2453; x_wconf 88' lang='lat' dir='ltr'>omnino</span> <span class='ocrx_word' id='word_1_263' title='bbox 615 2413 642 2452; x_wconf 88' lang='lat' dir='ltr'><em>L</em></span> <span class='ocrx_word' id='word_1_264' title='bbox 672 2413 811 2453; x_wconf 84' lang='lat' dir='ltr'>Draboe</span> <span class='ocrx_word' id='word_1_265' title='bbox 835 2418 872 2452; x_wconf 85' lang='lat' dir='ltr'>et</span> <span class='ocrx_word' id='word_1_266' title='bbox 888 2415 928 2454; x_wconf 92' lang='lat' dir='ltr'>L.</span> <span class='ocrx_word' id='word_1_267' title='bbox 949 2414 1213 2465; x_wconf 75' lang='lat' dir='ltr'>Chalepensis‚</span> <span class='ocrx_word' id='word_1_268' title='bbox 1239 2427 1262 2452; x_wconf 86' lang='lat' dir='ltr'>a</span> <span class='ocrx_word' id='word_1_269' title='bbox 1282 2413 1406 2462; x_wconf 87' lang='lat' dir='ltr'>priori</span> <span class='ocrx_word' id='word_1_270' title='bbox 1423 2413 1579 2452; x_wconf 69' lang='lat' dir='ltr'>silicula</span> <span class='ocrx_word' id='word_1_271' title='bbox 1598 2426 1676 2452; x_wconf 91' lang='lat' dir='ltr'>non</span> <span class='ocrx_word' id='word_1_272' title='bbox 1695 2413 1869 2464; x_wconf 70' lang='lat' dir='ltr'>cordata,</span> <span class='ocrx_word' id='word_1_273' title='bbox 1884 2426 1908 2454; x_wconf 86' lang='lat' dir='ltr'>a</span> 
     </span>
     <span class='ocr_line' id='line_1_35' title="bbox 214 2473 1905 2525; baseline -0.001 -12"><span class='ocrx_word' id='word_1_274' title='bbox 214 2474 424 2525; x_wconf 83' lang='lat' dir='ltr'>posteriori</span> <span class='ocrx_word' id='word_1_275' title='bbox 457 2474 610 2512; x_wconf 70' lang='lat' dir='ltr'>silicula</span> <span class='ocrx_word' id='word_1_276' title='bbox 634 2474 750 2521; x_wconf 84' lang='lat' dir='ltr'>paulo</span> <span class='ocrx_word' id='word_1_277' title='bbox 777 2475 916 2512; x_wconf 91' lang='lat' dir='ltr'>minori</span> <span class='ocrx_word' id='word_1_278' title='bbox 940 2475 1075 2513; x_wconf 70' lang='lat' dir='ltr'>inflata.</span> <span class='ocrx_word' id='word_1_279' title='bbox 1107 2478 1145 2516; x_wconf 84' lang='lat' dir='ltr'>et</span> <span class='ocrx_word' id='word_1_280' title='bbox 1173 2475 1276 2523; x_wconf 85' lang='lat' dir='ltr'>stylo</span> <span class='ocrx_word' id='word_1_281' title='bbox 1307 2473 1477 2521; x_wconf 87' lang='lat' dir='ltr'>longiori</span> <span class='ocrx_word' id='word_1_282' title='bbox 1513 2473 1735 2512; x_wconf 83' lang='lat' dir='ltr'>discedens.</span> <span class='ocrx_word' id='word_1_283' title='bbox 1762 2473 1905 2513; x_wconf 83' lang='lat' dir='ltr'>Loculi</span> 
     </span>
     <span class='ocr_line' id='line_1_36' title="bbox 212 2530 1906 2584; baseline -0.001 -11"><span class='ocrx_word' id='word_1_284' title='bbox 212 2535 389 2584; x_wconf 90' lang='lat' dir='ltr'>juniores</span> <span class='ocrx_word' id='word_1_285' title='bbox 415 2535 568 2571; x_wconf 83' lang='lat' dir='ltr'>variant</span> <span class='ocrx_word' id='word_1_286' title='bbox 591 2533 707 2571; x_wconf 91' lang='lat' dir='ltr'>ovulo</span> <span class='ocrx_word' id='word_1_287' title='bbox 733 2533 906 2572; x_wconf 85' lang='lat' dir='ltr'>solitario</span> <span class='ocrx_word' id='word_1_288' title='bbox 937 2538 975 2572; x_wconf 87' lang='lat' dir='ltr'>et:</span> <span class='ocrx_word' id='word_1_289' title='bbox 999 2535 1111 2583; x_wconf 82' lang='lat' dir='ltr'>binis,</span> <span class='ocrx_word' id='word_1_290' title='bbox 1131 2546 1252 2582; x_wconf 84' lang='lat' dir='ltr'>genus</span> <span class='ocrx_word' id='word_1_291' title='bbox 1279 2530 1600 2583; x_wconf 68' lang='lat' dir='ltr'>Physolepidium</span> <span class='ocrx_word' id='word_1_292' title='bbox 1615 2533 1705 2572; x_wconf 87' lang='lat' dir='ltr'>ideo</span> <span class='ocrx_word' id='word_1_293' title='bbox 1729 2546 1804 2572; x_wconf 90' lang='lat' dir='ltr'>non</span> <span class='ocrx_word' id='word_1_294' title='bbox 1824 2545 1906 2572; x_wconf 88' lang='lat' dir='ltr'>ser-</span> 
     </span>
     <span class='ocr_line' id='line_1_37' title="bbox 217 2594 400 2632; baseline 0 -2"><span class='ocrx_word' id='word_1_295' title='bbox 217 2594 400 2632; x_wconf 83' lang='lat' dir='ltr'>vandum.</span> 
     </span>
    </p>
   </div>
   <div class='ocr_carea' id='block_1_11' title="bbox 216 2728 1908 2962">
    <p class='ocr_par' dir='ltr' id='par_1_13' title="bbox 216 2728 1908 2962">
     <span class='ocr_line' id='line_1_38' title="bbox 275 2728 1906 2787; baseline -0.002 -12"><span class='ocrx_word' id='word_1_296' title='bbox 275 2732 331 2775; x_wconf 88' lang='lat' dir='ltr'>L.</span> <span class='ocrx_word' id='word_1_297' title='bbox 365 2731 768 2787; x_wconf 84' lang='lat' dir='ltr'>propinquum</span> <span class='ocrx_word' id='word_1_298' title='bbox 811 2728 874 2784; x_wconf 89' lang='lat' dir='ltr'>(F.</span> <span class='ocrx_word' id='word_1_299' title='bbox 915 2735 955 2771; x_wconf 83' lang='lat' dir='ltr'>et</span> <span class='ocrx_word' id='word_1_300' title='bbox 987 2729 1039 2771; x_wconf 92' lang='lat' dir='ltr'>M.</span> <span class='ocrx_word' id='word_1_301' title='bbox 1070 2729 1114 2771; x_wconf 91' lang='lat' dir='ltr'>in</span> <span class='ocrx_word' id='word_1_302' title='bbox 1143 2729 1308 2772; x_wconf 89' lang='lat' dir='ltr'>Hohen.</span> <span class='ocrx_word' id='word_1_303' title='bbox 1340 2729 1517 2787; x_wconf 85' lang='lat' dir='ltr'>Talysch</span> <span class='ocrx_word' id='word_1_304' title='bbox 1544 2729 1696 2773; x_wconf 89' lang='lat' dir='ltr'>Enum.</span> <span class='ocrx_word' id='word_1_305' title='bbox 1730 2744 1768 2787; x_wconf 92' lang='lat' dir='ltr'>p.</span> <span class='ocrx_word' id='word_1_306' title='bbox 1801 2728 1906 2787; x_wconf 69' lang='lat'>142)</span> 
     </span>
     <span class='ocr_line' id='line_1_39' title="bbox 216 2787 1908 2847; baseline -0.001 -15"><span class='ocrx_word' id='word_1_307' title='bbox 216 2790 473 2847; x_wconf 90' lang='lat' dir='ltr'>pubescens,</span> <span class='ocrx_word' id='word_1_308' title='bbox 517 2789 638 2831; x_wconf 85' lang='lat' dir='ltr'>caule</span> <span class='ocrx_word' id='word_1_309' title='bbox 680 2795 821 2830; x_wconf 88' lang='lat' dir='ltr'>erecto</span> <span class='ocrx_word' id='word_1_310' title='bbox 863 2787 1113 2844; x_wconf 83' lang='lat' dir='ltr'>corymbose</span> <span class='ocrx_word' id='word_1_311' title='bbox 1158 2801 1346 2841; x_wconf 82' lang='lat' dir='ltr'>ramoso,</span> <span class='ocrx_word' id='word_1_312' title='bbox 1389 2787 1500 2831; x_wconf 88' lang='lat' dir='ltr'>foliis</span> <span class='ocrx_word' id='word_1_313' title='bbox 1543 2788 1737 2844; x_wconf 86' lang='lat' dir='ltr'>oblongis</span> <span class='ocrx_word' id='word_1_314' title='bbox 1773 2788 1908 2832; x_wconf 89' lang='lat' dir='ltr'>acutis</span> 
     </span>
     <span class='ocr_line' id='line_1_40' title="bbox 217 2844 1908 2901; baseline -0.001 -9"><span class='ocrx_word' id='word_1_315' title='bbox 217 2847 419 2901; x_wconf 79' lang='lat' dir='ltr'>dentatis,</span> <span class='ocrx_word' id='word_1_316' title='bbox 448 2846 628 2890; x_wconf 88' lang='lat' dir='ltr'>caulinis</span> <span class='ocrx_word' id='word_1_317' title='bbox 655 2845 874 2889; x_wconf 89' lang='lat' dir='ltr'>sessilibus</span> <span class='ocrx_word' id='word_1_318' title='bbox 892 2844 982 2888; x_wconf 88' lang='lat' dir='ltr'>basi</span> <span class='ocrx_word' id='word_1_319' title='bbox 1001 2845 1246 2900; x_wconf 85' lang='lat' dir='ltr'>attenuatis,</span> <span class='ocrx_word' id='word_1_320' title='bbox 1276 2846 1451 2889; x_wconf 89' lang='lat' dir='ltr'>siliculis</span> <span class='ocrx_word' id='word_1_321' title='bbox 1478 2846 1709 2890; x_wconf 88' lang='lat' dir='ltr'>renisormi-</span> <span class='ocrx_word' id='word_1_322' title='bbox 1723 2845 1908 2891; x_wconf 75' lang='lat' dir='ltr'>coriatis</span> 
     </span>
     <span class='ocr_line' id='line_1_41' title="bbox 218 2902 1343 2962; baseline -0.004 -11"><span class='ocrx_word' id='word_1_323' title='bbox 218 2903 494 2951; x_wconf 85' lang='lat' dir='ltr'>acutiusculis</span> <span class='ocrx_word' id='word_1_324' title='bbox 521 2905 627 2962; x_wconf 83' lang='lat' dir='ltr'>stylo</span> <span class='ocrx_word' id='word_1_325' title='bbox 656 2903 716 2948; x_wconf 86' lang='lat' dir='ltr'>eis</span> <span class='ocrx_word' id='word_1_326' title='bbox 744 2902 1009 2960; x_wconf 82' lang='lat' dir='ltr'>sublongiori</span> <span class='ocrx_word' id='word_1_327' title='bbox 1036 2903 1247 2961; x_wconf 87' lang='lat' dir='ltr'>superatis</span> <span class='ocrx_word' id='word_1_328' title='bbox 1283 2911 1343 2953; x_wconf 70' lang='lat'>26.</span> 
     </span>
    </p>
   </div>
  </div>
 </body>
</html>
