2021 3235
1043 106 1127 152 252

293 205 338 257 β.
375 206 654 263 inteyrt'solia.
687 211 870 267 Longius
888 214 1120 271 hispidula;
1142 216 1241 259 solia
1260 216 1424 273 integra
1441 218 1560 274 apice
1579 219 1736 262 lineam
1756 226 1919 262 tantum

235 261 331 304 lata.
364 263 509 307 Flores
538 280 623 309 non
650 268 731 311 vidi
760 271 834 313 scd
861 272 1028 329 siliquae
1067 274 1128 317 eis
1160 275 1248 332 typi
1276 275 1450 318 similes,

296 334 396 372 Hab.
421 336 458 372 in
484 341 612 375 monte
635 339 915 391 Boulgasdagh
940 344 1122 393 Phrygiae
1145 346 1290 396 (Ball).

263 501 357 564 .A·
386 501 681 568 deltoidea
725 510 787 567 (L.
818 511 886 569 Sp.
919 513 1002 558 908
1045 515 1123 557 sub
1149 514 1320 572 Alysso)
1364 515 1633 559 cinerascens
1674 518 1734 559 vel
1771 517 1923 573 pallide

236 572 393 624 virens,
424 560 534 625 foliis
561 567 693 610 ovatis
722 571 782 612 vel
802 571 1018 616 rhomheis
1036 573 1237 631 utrinqne
1255 581 1377 617 acute
1395 574 1474 616 13
1491 575 1690 628 dentatis,
1721 575 1924 631 pedicello

236 617 367 682 calyci
410 619 621 666 lnsaccalo
665 628 906 686 aequilongo
933 633 997 675 vel
1035 632 1241 689 longiori,
1286 633 1434 689 petalis
1477 633 1667 676 obovalis
1708 633 1923 677 interdum

236 681 390 739 retnsm
416 682 669 745 purpereis,
706 685 833 730 silam.
867 688 1104 734 minoribus
1141 691 1219 734 sub
1247 691 1366 748 apice
1393 691 1580 735 breviter
1606 691 1805 745 dentatis,
1835 692 1923 735 sili-

233 734 339 776 culis
376 736 570 794 oblongis
606 745 668 785 vel
705 746 1147 802 oblongo-linearibus
1185 749 1288 792 latit.
1326 753 1401 793 sua
1437 749 1517 793 3-4
1544 752 1612 807 plo
1656 750 1923 806 longioribus

233 801 703 856 compresso-turgidis
729 805 854 848 valvis
881 807 1146 852 subenerviis
1184 817 1245 858 24.
1276 809 1328 852 Α.
1359 809 1565 853 deltoidea
1598 809 1668 852 Do.
1709 809 1816 867 Syst.
1851 810 1922 864 ll,

233 865 275 907 p.
307 850 406 896 ⁹294.
455 855 513 899 Fl.
546 858 680 903 Gricc.
722 863 806 907 [ab.
844 863 944 908 6028.
991 867 1043 910 A.
1073 882 1292 924 purpurea
1324 867 1396 910 Dc.
1441 867 1549 924 Syst.
1580 868 1660 911 loc.
1692 867 1763 910 cit.
1796 868 1919 924 (excl.

232 922 380 966 synon.
412 914 680 981 Siblhorpii).
711 921 762 964 A.
799 922 945 966 Groeca
962 926 1126 969 Griseb.
1149 926 1257 983 Spic.
1280 927 1313 979 I,
1334 940 1374 983 p.
1397 923 1496 969 268.
1530 927 1675 969 Draba
1694 926 1925 983 hesperidi-

234 972 342 1026 slora.
370 973 484 1016 Lam.
516 976 621 1020 Dict.
661 979 725 1033 11,
754 995 794 1037 p.
826 981 924 1026 328.

295 1047 395 1085 Hab.
422 1048 458 1085 in
498 1051 652 1088 saxosis
687 1054 860 1101 regionis
895 1060 1084 1094 montanae
1118 1061 1156 1095 et
1194 1057 1337 1105 alpinae
1370 1056 1538 1104 cespites
1577 1057 1679 1094 latos
1721 1057 1921 1105 elegantes

236 1105 434 1158 formans;
456 1107 609 1146 Graecia
634 1111 671 1147 in
696 1111 901 1163 Hymetto,
929 1115 1144 1165 Pentelico,
1167 1116 1337 1163 Parnes,
1364 1115 1569 1164 Taygeto,
1602 1116 1755 1153 Malevo
1781 1114 1919 1165 (Orph.

236 1165 294 1203 Fl.
313 1165 381 1203 Gr.
409 1178 490 1205 exs.
515 1166 629 1208 245!
656 1171 790 1210 Heldr.
816 1184 897 1212 exs,
922 1173 1063 1214 2654!
1091 1177 1162 1214 sub
1189 1175 1232 1213 A.
1258 1172 1519 1227 intermedia),
1545 1175 1583 1212 in
1609 1175 1803 1213 montibus
1817 1175 1919 1213 insu-

235 1225 357 1263 larum
384 1226 502 1265 Chios
527 1227 646 1279 (Orph
663 1230 705 1281 1),
731 1231 851 1270 Paros
867 1231 1050 1286 (Wiedl),
1077 1235 1201 1273 Cretae
1228 1234 1369 1284 (Heldr
1384 1234 1425 1285 l),
1443 1234 1538 1273 Asia
1554 1227 1681 1271 minor
1694 1235 1731 1271 in
1750 1233 1920 1283 Olympo

235 1285 403 1334 Bithyno
421 1282 563 1339 (Auch.
583 1300 666 1327 exs.
685 1285 794 1331 245!
824 1291 965 1333 Griseb
978 1291 1024 1347 l),
1042 1295 1194 1344 Mesogi
1215 1293 1402 1346 (Boissl),
1423 1294 1540 1332 Caria
1559 1291 1717 1345 (Pinard
1733 1294 1774 1344 l),
1796 1293 1922 1343 Lycia

236 1345 438 1397 (Bourg!).

293 1415 385 1454 Haec
425 1421 484 1454 est
517 1423 622 1458 certe
662 1419 729 1470 (ex
766 1422 866 1460 locis
897 1422 1110 1472 natalibus)
1137 1424 1272 1472 planta
1297 1422 1464 1472 Linnaei3
1489 1422 1625 1470 planta
1649 1425 1777 1459 autem
1803 1422 1924 1460 Italiae

235 1476 418 1513 australis
448 1478 519 1515 sub
558 1479 695 1516 eodem
722 1482 877 1519 nomine
902 1486 995 1520 nota
1020 1483 1204 1531 specifice
1227 1483 1411 1520 distincta
1437 1482 1588 1519 videtur
1611 1481 1772 1520 floribus
1798 1482 1922 1519 mino-

235 1533 358 1578 ribus,
389 1536 524 1584 calyce
562 1539 693 1585 potius
727 1541 934 1588 bigibboso
962 1554 1077 1590 quam
1111 1542 1330 1587 bisaccam,
1358 1541 1563 1578 filamentis
1588 1541 1639 1578 ad
1662 1541 1829 1578 medium
1852 1553 1923 1578 nec

235 1594 348 1641 apice
375 1595 490 1633 dente
514 1598 658 1644 auctis,
684 1599 846 1638 siliculis
882 1603 946 1639 vix
983 1603 1231 1651 compressis.
1258 1601 1298 1639 Si
1334 1602 1410 1639 illae
1442 1604 1545 1639 notae
1583 1603 1807 1639 constantes
1832 1604 1921 1638 sunt

233 1653 389 1691 nomine
411 1654 455 1692 A.
481 1656 630 1695 Italicoe
655 1659 856 1698 salutetur.

301 1717 346 1771 β.
397 1719 699 1777 microplcylln.
747 1723 864 1767 Folia
905 1724 1072 1767 minora
1112 1723 1499 1780 elliplico-linearia
1540 1722 1694 1779 saepius
1738 1722 1917 1778 integra.

229 1775 280 1817 A.
314 1777 579 1834 inteqrifolia
608 1781 743 1824 Fiscli.
777 1790 817 1825 et
845 1783 948 1841 Mey.
980 1783 1087 1826 Ann.
1119 1783 1184 1826 Sc.
1218 1791 1302 1826 nat.
1335 1782 1426 1826 Ser.
1450 1782 1518 1836 lV,
1546 1783 1625 1824 vol.
1651 1781 1683 1835 Ι,
1705 1795 1744 1838 p.
1766 1780 1844 1835 30,
1875 1796 1921 1825 ex

220 1846 344 1893 spec.
378 1838 499 1881 herb.
532 1839 680 1884 Fisch!

290 1907 390 1946 Hab.
417 1909 454 1946 in
481 1910 622 1957 alpinis
659 1910 909 1959 Cephaloniae
934 1905 1155 1964 (Heldrl),
1194 1911 1316 1949 Cariae
1340 1913 1378 1949 in
1404 1914 1532 1948 monte
1568 1910 1714 1949 Cadmo
1738 1912 1867 1960 (Boiss
1883 1910 1920 1963 1),

230 1966 353 2015 Sipyli
377 1980 495 2017 supra
518 1970 759 2019 Magnesiam
784 1967 889 2026 (Bal.
916 1984 998 2010 exs.
1024 1970 1140 2023 721),
1162 1972 1293 2020 Lyciae
1311 1973 1349 2009 in
1369 1976 1497 2009 monte
1521 1970 1690 2018 Akdagh
1711 1965 1920 2022 (Bourg!),

234 2025 400 2065 Galatiae
422 2029 460 2065 in
484 2035 612 2067 monte
636 2030 854 2079 Elmadagh
881 2030 1022 2080 (Tchih
1039 2026 1081 2082 l).

304 2111 345 2149 y.
390 2105 625 2135 canescens.
674 2093 789 2137 Folia
829 2108 958 2151 parva
1000 2094 1167 2151 integra
1204 2093 1736 2137 canescenti-tomentella
1777 2100 1920 2137 ovalo-

232 2148 431 2205 oblonga,
461 2150 588 2193 flores
615 2151 818 2196 minores.
851 2155 884 2195 A
914 2168 1130 2196 canescens
1158 2153 1289 2197 Boiss.
1322 2153 1365 2195 in
1393 2152 1547 2209 Bourg.
1575 2153 1630 2209 pl.
1654 2166 1740 2195 exs.

292 2219 393 2258 Hab.
419 2221 456 2257 in
482 2220 628 2259 Cadmo
651 2234 769 2271 supra
794 2222 927 2272 Geyra
960 2225 1092 2272 (Boiss
1109 2222 1158 2278 l),
1183 2225 1222 2261 in
1254 2224 1394 2271 alpinis
1420 2224 1561 2261 montis
1586 2222 1757 2272 Akdagh
1784 2223 1916 2272 Lyciae

234 2279 501 2329 (Bourgl)„in
526 2282 675 2319 fissuris
699 2283 851 2331 rupium
883 2285 1023 2321 montis
1048 2283 1275 2332 Berytdagh
1303 2282 1501 2328 Cataoniae
1523 2282 1762 2333 (Hausskl).

294 2347 333 2389 ὃ.
369 2344 560 2389 Cilicica.
593 2348 826 2392 Filamenta
845 2348 1007 2405 majora
1033 2362 1181 2392 versus
1199 2348 1388 2391 medium
1405 2347 1555 2390 latiora
1572 2361 1718 2390 versus
1735 2346 1857 2412 basin
1884 2355 1925 2390 et

235 2404 399 2461 apicem
428 2405 587 2448 sensim
605 2413 837 2460 attenuata,
867 2408 1035 2450 minora
1053 2407 1171 2465 apice
1189 2407 1280 2464 ipso
1298 2407 1484 2459 dentata,
1514 2406 1690 2450 siliculae
1707 2406 1921 2462 planiores

233 2470 273 2505 el.
301 2464 598 2520 sublongiores
627 2466 753 2509 valvis
781 2466 1046 2509 manifestius
1074 2466 1332 2509 uninerviis.

292 2526 391 2564 Hab.
418 2527 454 2564 in
480 2527 613 2565 Tauro
638 2528 798 2568 Cilicico
824 2524 933 2584 (Ky!
959 2528 1086 2580 Ball),
1105 2529 1240 2568 Cilicia
1261 2528 1438 2567 Kurdica
1456 2527 1537 2578 (Ky
1559 2539 1641 2565 eXS.
1671 2524 1809 2577 1041).

288 2693 350 2736 A.
385 2696 743 2739 erubescens
772 2694 955 2751 (Griseb.
986 2694 1127 2750 Spicil.
1162 2694 1192 2747 l,
1222 2709 1263 2751 p.
1296 2692 1399 2750 268)
1428 2692 1580 2749 pallide
1609 2692 1775 2757 virem,
1812 2691 1923 2757 foliis

231 2750 690 2809 oblongo-spatliniatis
719 2753 895 2809 integris
913 2753 976 2796 vel
994 2752 1196 2809 utrinque
1225 2751 1718 2809 angulato-unidenlalis,
1739 2764 1922 2815 racemis

234 2811 477 2865 paucissoris
498 2813 720 2868 elongalis,
742 2812 946 2869 pedicello
970 2813 1111 2869 calyce
1146 2811 1320 2867 bigibho
1349 2810 1547 2866 longiori,
1572 2809 1719 2867 petalis
1736 2809 1924 2852 obovatis
