<?xml version="1.0" encoding="UTF-8"?>
<!DOCTYPE html PUBLIC "-//W3C//DTD XHTML 1.0 Transitional//EN"
    "http://www.w3.org/TR/xhtml1/DTD/xhtml1-transitional.dtd">
<html xmlns="http://www.w3.org/1999/xhtml" xml:lang="en" lang="en">
 <head>
  <title>
</title>
<meta http-equiv="Content-Type" content="text/html;charset=utf-8" />
  <meta name='ocr-system' content='tesseract 3.04.00' />
  <meta name='ocr-capabilities' content='ocr_page ocr_carea ocr_par ocr_line ocrx_word'/>
</head>
<body>
  <div class='ocr_page' id='page_1' title='image "./floraorientaliss01bois_0765.png"; bbox 0 0 2021 3235; ppageno 0'>
   <div class='ocr_carea' id='block_1_1' title="bbox 0 0 18 3235">
    <p class='ocr_par' dir='ltr' id='par_1_1' title="bbox 0 0 18 3235">
     <span class='ocr_line' id='line_1_1' title="bbox 0 0 18 3235; baseline 0 0"><span class='ocrx_word' id='word_1_1' title='bbox 0 0 18 3235; x_wconf 95' lang='lat' dir='ltr'> </span> 
     </span>
    </p>
   </div>
   <div class='ocr_carea' id='block_1_2' title="bbox 931 154 1006 201">
    <p class='ocr_par' dir='ltr' id='par_1_2' title="bbox 931 154 1006 201">
     <span class='ocr_line' id='line_1_2' title="bbox 931 154 1006 201; baseline 0.027 -2"><span class='ocrx_word' id='word_1_2' title='bbox 931 154 1006 201; x_wconf 66' lang='lat'>721</span> 
     </span>
    </p>
   </div>
   <div class='ocr_carea' id='block_1_3' title="bbox 481 315 1455 367">
    <p class='ocr_par' dir='ltr' id='par_1_3' title="bbox 481 315 1455 367">
     <span class='ocr_line' id='line_1_3' title="bbox 481 315 1455 367; baseline 0.009 -14"><span class='ocrx_word' id='word_1_3' title='bbox 481 316 508 363; x_wconf 82' lang='lat'><strong>†</strong></span> <span class='ocrx_word' id='word_1_4' title='bbox 539 317 565 364; x_wconf 89' lang='lat'><em>†</em></span> <span class='ocrx_word' id='word_1_5' title='bbox 604 315 783 366; x_wconf 85' lang='lat' dir='ltr'>Capsulae</span> <span class='ocrx_word' id='word_1_6' title='bbox 806 318 942 356; x_wconf 84' lang='lat' dir='ltr'>dentes</span> <span class='ocrx_word' id='word_1_7' title='bbox 969 320 1142 367; x_wconf 79' lang='lat' dir='ltr'>margine</span> <span class='ocrx_word' id='word_1_8' title='bbox 1169 333 1245 359; x_wconf 93' lang='lat' dir='ltr'>non</span> <span class='ocrx_word' id='word_1_9' title='bbox 1277 324 1455 362; x_wconf 85' lang='lat' dir='ltr'>revoluti.</span> 
     </span>
    </p>
   </div>
   <div class='ocr_carea' id='block_1_4' title="bbox 130 435 1816 1211">
    <p class='ocr_par' dir='ltr' id='par_1_4' title="bbox 130 435 1815 852">
     <span class='ocr_line' id='line_1_4' title="bbox 189 435 1809 502; baseline 0.008 -23"><span class='ocrx_word' id='word_1_10' title='bbox 189 436 242 480; x_wconf 90' lang='lat' dir='ltr'>C.</span> <span class='ocrx_word' id='word_1_11' title='bbox 271 435 674 483; x_wconf 82' lang='lat' dir='ltr'>dichotomum</span> <span class='ocrx_word' id='word_1_12' title='bbox 716 439 779 496; x_wconf 81' lang='lat' dir='ltr'>(L.</span> <span class='ocrx_word' id='word_1_13' title='bbox 825 440 894 497; x_wconf 89' lang='lat' dir='ltr'>Sp.</span> <span class='ocrx_word' id='word_1_14' title='bbox 941 440 1043 498; x_wconf 75' lang='lat'>6⁶28)</span> <span class='ocrx_word' id='word_1_15' title='bbox 1085 443 1334 497; x_wconf 86' lang='lat' dir='ltr'>glanduloso</span> <span class='ocrx_word' id='word_1_16' title='bbox 1352 470 1369 475; x_wconf 95' lang='lat'>-</span> <span class='ocrx_word' id='word_1_17' title='bbox 1388 446 1647 502; x_wconf 76' lang='lat' dir='ltr'>pubescens,</span> <span class='ocrx_word' id='word_1_18' title='bbox 1692 451 1809 492; x_wconf 83' lang='lat' dir='ltr'>caule</span> 
     </span>
     <span class='ocr_line' id='line_1_5' title="bbox 131 495 1809 554; baseline 0.008 -18"><span class='ocrx_word' id='word_1_19' title='bbox 131 495 411 538; x_wconf 86' lang='lat' dir='ltr'>crassiusculo</span> <span class='ocrx_word' id='word_1_20' title='bbox 437 496 599 553; x_wconf 90' lang='lat' dir='ltr'>pumilo</span> <span class='ocrx_word' id='word_1_21' title='bbox 626 497 890 541; x_wconf 86' lang='lat' dir='ltr'>divaricatim</span> <span class='ocrx_word' id='word_1_22' title='bbox 908 499 1170 554; x_wconf 86' lang='lat' dir='ltr'>dichotomo,</span> <span class='ocrx_word' id='word_1_23' title='bbox 1200 502 1310 544; x_wconf 87' lang='lat' dir='ltr'>soliis</span> <span class='ocrx_word' id='word_1_24' title='bbox 1329 503 1809 550; x_wconf 75' lang='lat' dir='ltr'>lanceolato-lincaribus</span> 
     </span>
     <span class='ocr_line' id='line_1_6' title="bbox 130 552 1809 617; baseline 0.008 -22"><span class='ocrx_word' id='word_1_25' title='bbox 130 552 457 607; x_wconf 86' lang='lat' dir='ltr'>obtusiusculis,</span> <span class='ocrx_word' id='word_1_26' title='bbox 500 558 619 613; x_wconf 75' lang='lat' dir='ltr'>cyma</span> <span class='ocrx_word' id='word_1_27' title='bbox 660 557 884 600; x_wconf 73' lang='lat' dir='ltr'>confertim</span> <span class='ocrx_word' id='word_1_28' title='bbox 926 558 1202 615; x_wconf 67' lang='lat' dir='ltr'>corymbosa,</span> <span class='ocrx_word' id='word_1_29' title='bbox 1246 560 1463 617; x_wconf 88' lang='lat' dir='ltr'>pedicellis</span> <span class='ocrx_word' id='word_1_30' title='bbox 1491 564 1641 606; x_wconf 77' lang='lat' dir='ltr'>crectis</span> <span class='ocrx_word' id='word_1_31' title='bbox 1669 567 1809 609; x_wconf 77' lang='lat' dir='ltr'>calvce</span> 
     </span>
     <span class='ocr_line' id='line_1_7' title="bbox 130 611 1813 677; baseline 0.008 -24"><span class='ocrx_word' id='word_1_32' title='bbox 130 611 396 655; x_wconf 86' lang='lat' dir='ltr'>brevioribus</span> <span class='ocrx_word' id='word_1_33' title='bbox 414 648 423 666; x_wconf 90' lang='lat'>,</span> <span class='ocrx_word' id='word_1_34' title='bbox 453 614 594 671; x_wconf 89' lang='lat' dir='ltr'>calyce</span> <span class='ocrx_word' id='word_1_35' title='bbox 622 628 704 658; x_wconf 90' lang='lat' dir='ltr'>non</span> <span class='ocrx_word' id='word_1_36' title='bbox 735 615 880 658; x_wconf 82' lang='lat' dir='ltr'>inssato</span> <span class='ocrx_word' id='word_1_37' title='bbox 908 617 1061 673; x_wconf 87' lang='lat' dir='ltr'>sepalis</span> <span class='ocrx_word' id='word_1_38' title='bbox 1087 617 1280 674; x_wconf 81' lang='lat' dir='ltr'>oblongis</span> <span class='ocrx_word' id='word_1_39' title='bbox 1307 620 1456 671; x_wconf 83' lang='lat' dir='ltr'>acutis,</span> <span class='ocrx_word' id='word_1_40' title='bbox 1486 622 1631 677; x_wconf 80' lang='lat' dir='ltr'>petalis</span> <span class='ocrx_word' id='word_1_41' title='bbox 1657 615 1813 676; x_wconf 78' lang='lat' dir='ltr'>glabris</span> 
     </span>
     <span class='ocr_line' id='line_1_8' title="bbox 130 671 1811 734; baseline 0.007 -21"><span class='ocrx_word' id='word_1_42' title='bbox 130 671 528 727; x_wconf 85' lang='lat' dir='ltr'>obovato-oblongis</span> <span class='ocrx_word' id='word_1_43' title='bbox 566 673 718 716; x_wconf 90' lang='lat' dir='ltr'>bilobis</span> <span class='ocrx_word' id='word_1_44' title='bbox 761 675 899 731; x_wconf 79' lang='lat' dir='ltr'>calyce</span> <span class='ocrx_word' id='word_1_45' title='bbox 935 675 1228 729; x_wconf 84' lang='lat' dir='ltr'>brevioribus,</span> <span class='ocrx_word' id='word_1_46' title='bbox 1267 677 1491 721; x_wconf 87' lang='lat' dir='ltr'>filamentis</span> <span class='ocrx_word' id='word_1_47' title='bbox 1527 680 1615 722; x_wconf 85' lang='lat' dir='ltr'>basi</span> <span class='ocrx_word' id='word_1_48' title='bbox 1644 676 1811 734; x_wconf 80' lang='lat' dir='ltr'>ciliatis,</span> 
     </span>
     <span class='ocr_line' id='line_1_9' title="bbox 131 731 1815 792; baseline 0.007 -20"><span class='ocrx_word' id='word_1_49' title='bbox 131 731 302 786; x_wconf 82' lang='lat' dir='ltr'>capsula</span> <span class='ocrx_word' id='word_1_50' title='bbox 338 734 467 774; x_wconf 66' lang='lat' dir='ltr'>recta</span> <span class='ocrx_word' id='word_1_51' title='bbox 486 731 892 789; x_wconf 73' lang='lat' dir='ltr'>cylindrico-conica</span> <span class='ocrx_word' id='word_1_52' title='bbox 920 734 1060 791; x_wconf 79' lang='lat' dir='ltr'>calyce</span> <span class='ocrx_word' id='word_1_53' title='bbox 1088 733 1148 776; x_wconf 70' lang='lat'>2-</span> <span class='ocrx_word' id='word_1_54' title='bbox 1167 734 1193 777; x_wconf 78' lang='lat'><strong>3</strong></span> <span class='ocrx_word' id='word_1_55' title='bbox 1221 736 1287 791; x_wconf 92' lang='lat' dir='ltr'>plo</span> <span class='ocrx_word' id='word_1_56' title='bbox 1324 736 1540 792; x_wconf 76' lang='lat' dir='ltr'>longiore,</span> <span class='ocrx_word' id='word_1_57' title='bbox 1584 739 1815 783; x_wconf 84' lang='lat' dir='ltr'>seminibus</span> 
     </span>
     <span class='ocr_line' id='line_1_10' title="bbox 131 787 1728 852; baseline 0.006 -22"><span class='ocrx_word' id='word_1_58' title='bbox 131 787 275 833; x_wconf 83' lang='lat' dir='ltr'>dissile</span> <span class='ocrx_word' id='word_1_59' title='bbox 302 789 536 847; x_wconf 84' lang='lat' dir='ltr'>granulatis</span> <span class='ocrx_word' id='word_1_60' title='bbox 567 796 632 842; x_wconf 76' lang='grc' dir='ltr'>Θ.</span> <span class='ocrx_word' id='word_1_61' title='bbox 663 791 812 834; x_wconf 68' lang='lat' dir='ltr'>Alaina</span> <span class='ocrx_word' id='word_1_62' title='bbox 838 793 1100 835; x_wconf 73' lang='lat' dir='ltr'>corniculata</span> <span class='ocrx_word' id='word_1_63' title='bbox 1129 792 1239 836; x_wconf 87' lang='lat' dir='ltr'>Clus.</span> <span class='ocrx_word' id='word_1_64' title='bbox 1271 794 1363 837; x_wconf 86' lang='lat' dir='ltr'>Hist</span> <span class='ocrx_word' id='word_1_65' title='bbox 1408 796 1461 849; x_wconf 90' lang='lat'>11,</span> <span class='ocrx_word' id='word_1_66' title='bbox 1490 810 1531 852; x_wconf 89' lang='lat' dir='ltr'>p.</span> <span class='ocrx_word' id='word_1_67' title='bbox 1564 796 1648 840; x_wconf 55' lang='lat'>1184</span> <span class='ocrx_word' id='word_1_68' title='bbox 1676 799 1728 841; x_wconf 90' lang='lat' dir='ltr'>Ic.</span> 
     </span>
    </p>

    <p class='ocr_par' dir='ltr' id='par_1_5' title="bbox 131 860 1816 1211">
     <span class='ocr_line' id='line_1_11' title="bbox 209 860 1815 919; baseline 0.005 -22"><span class='ocrx_word' id='word_1_69' title='bbox 209 860 309 898; x_wconf 90' lang='lat' dir='ltr'>Hab.</span> <span class='ocrx_word' id='word_1_70' title='bbox 336 861 373 897; x_wconf 92' lang='lat' dir='ltr'>in</span> <span class='ocrx_word' id='word_1_71' title='bbox 398 861 511 898; x_wconf 84' lang='lat' dir='ltr'>cultis</span> <span class='ocrx_word' id='word_1_72' title='bbox 536 861 804 899; x_wconf 86' lang='lat' dir='ltr'>submontanis</span> <span class='ocrx_word' id='word_1_73' title='bbox 829 862 1044 909; x_wconf 85' lang='lat' dir='ltr'>Anatoliae,</span> <span class='ocrx_word' id='word_1_74' title='bbox 1078 861 1194 900; x_wconf 82' lang='lat' dir='ltr'>Caria</span> <span class='ocrx_word' id='word_1_75' title='bbox 1215 864 1253 901; x_wconf 92' lang='lat' dir='ltr'>in</span> <span class='ocrx_word' id='word_1_76' title='bbox 1279 864 1424 903; x_wconf 84' lang='lat' dir='ltr'>Cadmo</span> <span class='ocrx_word' id='word_1_77' title='bbox 1447 860 1584 919; x_wconf 89' lang='lat' dir='ltr'>(Boiss</span> <span class='ocrx_word' id='word_1_78' title='bbox 1600 868 1606 903; x_wconf 84' lang='lat'>!</span> <span class='ocrx_word' id='word_1_79' title='bbox 1622 866 1662 917; x_wconf 85' lang='lat'>),</span> <span class='ocrx_word' id='word_1_80' title='bbox 1690 868 1815 916; x_wconf 85' lang='lat' dir='ltr'>Lycia</span> 
     </span>
     <span class='ocr_line' id='line_1_12' title="bbox 132 911 1816 975; baseline 0.005 -19"><span class='ocrx_word' id='word_1_81' title='bbox 132 911 330 973; x_wconf 74' lang='lat' dir='ltr'>(Bourgl)</span> <span class='ocrx_word' id='word_1_82' title='bbox 346 924 371 966; x_wconf 60' lang='lat'>,⁴</span> <span class='ocrx_word' id='word_1_83' title='bbox 398 919 628 969; x_wconf 85' lang='lat' dir='ltr'>Pamphylia</span> <span class='ocrx_word' id='word_1_84' title='bbox 649 921 700 958; x_wconf 90' lang='lat' dir='ltr'>ad</span> <span class='ocrx_word' id='word_1_85' title='bbox 725 921 925 959; x_wconf 86' lang='lat' dir='ltr'>Bouldour</span> <span class='ocrx_word' id='word_1_86' title='bbox 949 919 1083 974; x_wconf 81' lang='lat' dir='ltr'>(Heldr</span> <span class='ocrx_word' id='word_1_87' title='bbox 1099 916 1155 973; x_wconf 81' lang='lat' dir='ltr'>l),</span> <span class='ocrx_word' id='word_1_88' title='bbox 1182 923 1354 972; x_wconf 83' lang='lat' dir='ltr'>Phrygia</span> <span class='ocrx_word' id='word_1_89' title='bbox 1377 925 1426 961; x_wconf 89' lang='lat' dir='ltr'>ad</span> <span class='ocrx_word' id='word_1_90' title='bbox 1450 924 1636 975; x_wconf 86' lang='lat' dir='ltr'>Ouchak,</span> <span class='ocrx_word' id='word_1_91' title='bbox 1663 926 1816 975; x_wconf 86' lang='lat' dir='ltr'>Cappa-</span> 
     </span>
     <span class='ocr_line' id='line_1_13' title="bbox 132 977 1816 1035; baseline 0.005 -19"><span class='ocrx_word' id='word_1_92' title='bbox 132 979 269 1027; x_wconf 87' lang='lat' dir='ltr'>docia,</span> <span class='ocrx_word' id='word_1_93' title='bbox 299 979 435 1017; x_wconf 80' lang='lat' dir='ltr'>Cilicia</span> <span class='ocrx_word' id='word_1_94' title='bbox 459 977 596 1032; x_wconf 77' lang='lat' dir='ltr'>(Bali),</span> <span class='ocrx_word' id='word_1_95' title='bbox 623 979 738 1028; x_wconf 85' lang='lat' dir='ltr'>Syria</span> <span class='ocrx_word' id='word_1_96' title='bbox 762 981 922 1019; x_wconf 87' lang='lat' dir='ltr'>interior</span> <span class='ocrx_word' id='word_1_97' title='bbox 946 982 996 1019; x_wconf 89' lang='lat' dir='ltr'>ad</span> <span class='ocrx_word' id='word_1_98' title='bbox 1019 981 1196 1031; x_wconf 88' lang='lat' dir='ltr'>Aleppo,</span> <span class='ocrx_word' id='word_1_99' title='bbox 1223 982 1367 1021; x_wconf 87' lang='lat' dir='ltr'>Aintab</span> <span class='ocrx_word' id='word_1_100' title='bbox 1393 983 1498 1033; x_wconf 71' lang='lat' dir='ltr'>(Kyl</span> <span class='ocrx_word' id='word_1_101' title='bbox 1525 984 1752 1035; x_wconf 77' lang='lat' dir='ltr'>Hausskl),</span> <span class='ocrx_word' id='word_1_102' title='bbox 1778 987 1816 1024; x_wconf 92' lang='lat' dir='ltr'>in</span> 
     </span>
     <span class='ocr_line' id='line_1_14' title="bbox 131 1032 1811 1096; baseline 0.005 -21"><span class='ocrx_word' id='word_1_103' title='bbox 131 1038 283 1077; x_wconf 89' lang='lat' dir='ltr'>Libano</span> <span class='ocrx_word' id='word_1_104' title='bbox 308 1043 345 1076; x_wconf 87' lang='lat' dir='ltr'>et</span> <span class='ocrx_word' id='word_1_105' title='bbox 367 1038 591 1077; x_wconf 83' lang='lat' dir='ltr'>Antilibano</span> <span class='ocrx_word' id='word_1_106' title='bbox 617 1032 776 1093; x_wconf 79' lang='lat' dir='ltr'>(Boissl</span> <span class='ocrx_word' id='word_1_107' title='bbox 804 1037 876 1080; x_wconf 82' lang='lat' dir='ltr'>Bl!</span> <span class='ocrx_word' id='word_1_108' title='bbox 904 1039 1005 1078; x_wconf 86' lang='lat' dir='ltr'>Gaill</span> <span class='ocrx_word' id='word_1_109' title='bbox 1022 1040 1063 1091; x_wconf 86' lang='lat'>!)‚</span> <span class='ocrx_word' id='word_1_110' title='bbox 1088 1040 1372 1090; x_wconf 82' lang='lat' dir='ltr'>Mesopotamia</span> <span class='ocrx_word' id='word_1_111' title='bbox 1394 1043 1442 1080; x_wconf 81' lang='lat' dir='ltr'>ad</span> <span class='ocrx_word' id='word_1_112' title='bbox 1470 1042 1564 1082; x_wconf 87' lang='lat' dir='ltr'>Orfa</span> <span class='ocrx_word' id='word_1_113' title='bbox 1590 1042 1811 1096; x_wconf 82' lang='lat' dir='ltr'>(Hausskl),</span> 
     </span>
     <span class='ocr_line' id='line_1_15' title="bbox 131 1091 1815 1155; baseline 0.005 -20"><span class='ocrx_word' id='word_1_114' title='bbox 131 1097 268 1136; x_wconf 86' lang='lat' dir='ltr'>Persia</span> <span class='ocrx_word' id='word_1_115' title='bbox 292 1099 374 1136; x_wconf 91' lang='lat' dir='ltr'>bor.</span> <span class='ocrx_word' id='word_1_116' title='bbox 400 1099 438 1136; x_wconf 90' lang='lat' dir='ltr'>in</span> <span class='ocrx_word' id='word_1_117' title='bbox 462 1111 572 1148; x_wconf 80' lang='lat' dir='ltr'>prov,</span> <span class='ocrx_word' id='word_1_118' title='bbox 592 1099 837 1149; x_wconf 86' lang='lat' dir='ltr'>Aberbidjan</span> <span class='ocrx_word' id='word_1_119' title='bbox 861 1091 1033 1151; x_wconf 79' lang='lat' dir='ltr'>(Szowl)</span> <span class='ocrx_word' id='word_1_120' title='bbox 1051 1103 1087 1137; x_wconf 87' lang='lat' dir='ltr'>et</span> <span class='ocrx_word' id='word_1_121' title='bbox 1111 1101 1147 1138; x_wconf 92' lang='lat' dir='ltr'>in</span> <span class='ocrx_word' id='word_1_122' title='bbox 1167 1106 1296 1140; x_wconf 84' lang='lat' dir='ltr'>monte</span> <span class='ocrx_word' id='word_1_123' title='bbox 1315 1102 1457 1140; x_wconf 87' lang='lat' dir='ltr'>Elburs</span> <span class='ocrx_word' id='word_1_124' title='bbox 1482 1101 1561 1155; x_wconf 85' lang='lat' dir='ltr'>(Ky</span> <span class='ocrx_word' id='word_1_125' title='bbox 1581 1116 1661 1142; x_wconf 81' lang='lat' dir='ltr'>exs.</span> <span class='ocrx_word' id='word_1_126' title='bbox 1683 1102 1815 1154; x_wconf 74' lang='lat'>1051),</span> 
     </span>
     <span class='ocr_line' id='line_1_16' title="bbox 132 1156 1108 1211; baseline 0.003 -17"><span class='ocrx_word' id='word_1_127' title='bbox 132 1157 270 1195; x_wconf 87' lang='lat' dir='ltr'>Persia</span> <span class='ocrx_word' id='word_1_128' title='bbox 292 1158 653 1197; x_wconf 81' lang='lat' dir='ltr'>austro-orientalis</span> <span class='ocrx_word' id='word_1_129' title='bbox 682 1156 832 1211; x_wconf 86' lang='lat' dir='ltr'>(Bunge</span> <span class='ocrx_word' id='word_1_130' title='bbox 850 1157 890 1211; x_wconf 87' lang='lat'>!).</span> <span class='ocrx_word' id='word_1_131' title='bbox 916 1159 976 1198; x_wconf 83' lang='lat' dir='ltr'>Fl.</span> <span class='ocrx_word' id='word_1_132' title='bbox 1004 1171 1108 1198; x_wconf 89' lang='lat' dir='ltr'>vere.</span> 
     </span>
    </p>
   </div>
   <div class='ocr_carea' id='block_1_5' title="bbox 190 1223 1065 1277">
    <p class='ocr_par' dir='ltr' id='par_1_6' title="bbox 190 1223 1065 1277">
     <span class='ocr_line' id='line_1_17' title="bbox 190 1223 1065 1277; baseline 0.001 -14"><span class='ocrx_word' id='word_1_133' title='bbox 190 1223 265 1265; x_wconf 84' lang='lat' dir='ltr'>Ar.</span> <span class='ocrx_word' id='word_1_134' title='bbox 301 1231 459 1276; x_wconf 74' lang='lat' dir='ltr'>Geogr.</span> <span class='ocrx_word' id='word_1_135' title='bbox 493 1227 702 1277; x_wconf 83' lang='lat' dir='ltr'>Hispania,</span> <span class='ocrx_word' id='word_1_136' title='bbox 726 1227 861 1266; x_wconf 84' lang='lat' dir='ltr'>Africa</span> <span class='ocrx_word' id='word_1_137' title='bbox 884 1228 1065 1266; x_wconf 86' lang='lat' dir='ltr'>borealis.</span> 
     </span>
    </p>
   </div>
   <div class='ocr_carea' id='block_1_6' title="bbox 120 1380 1812 2141">
    <p class='ocr_par' dir='ltr' id='par_1_7' title="bbox 122 1380 1812 1845">
     <span class='ocr_line' id='line_1_18' title="bbox 190 1380 1810 1440; baseline 0.002 -14"><span class='ocrx_word' id='word_1_138' title='bbox 190 1382 243 1426; x_wconf 89' lang='lat' dir='ltr'>C.</span> <span class='ocrx_word' id='word_1_139' title='bbox 271 1382 564 1427; x_wconf 68' lang='lat' dir='ltr'>inflatum·</span> <span class='ocrx_word' id='word_1_140' title='bbox 583 1381 709 1438; x_wconf 90' lang='lat' dir='ltr'>(Link</span> <span class='ocrx_word' id='word_1_141' title='bbox 735 1381 776 1424; x_wconf 91' lang='lat' dir='ltr'>in</span> <span class='ocrx_word' id='word_1_142' title='bbox 805 1381 914 1424; x_wconf 85' lang='lat' dir='ltr'>Desf.</span> <span class='ocrx_word' id='word_1_143' title='bbox 946 1380 1032 1425; x_wconf 87' lang='lat' dir='ltr'>Cat.</span> <span class='ocrx_word' id='word_1_144' title='bbox 1065 1381 1183 1424; x_wconf 78' lang='lat' dir='ltr'>Horl..</span> <span class='ocrx_word' id='word_1_145' title='bbox 1217 1382 1310 1424; x_wconf 87' lang='lat' dir='ltr'>Par.</span> <span class='ocrx_word' id='word_1_146' title='bbox 1342 1396 1381 1439; x_wconf 90' lang='lat' dir='ltr'>p.</span> <span class='ocrx_word' id='word_1_147' title='bbox 1411 1383 1514 1440; x_wconf 65' lang='lat'>469)</span> <span class='ocrx_word' id='word_1_148' title='bbox 1543 1385 1810 1440; x_wconf 88' lang='lat' dir='ltr'>glanduloso-</span> 
     </span>
     <span class='ocr_line' id='line_1_19' title="bbox 131 1439 1812 1497; baseline 0.002 -14"><span class='ocrx_word' id='word_1_149' title='bbox 131 1439 366 1496; x_wconf 84' lang='lat' dir='ltr'>pubescens</span> <span class='ocrx_word' id='word_1_150' title='bbox 384 1476 393 1494; x_wconf 90' lang='lat'>,</span> <span class='ocrx_word' id='word_1_151' title='bbox 431 1441 549 1483; x_wconf 88' lang='lat' dir='ltr'>caule</span> <span class='ocrx_word' id='word_1_152' title='bbox 578 1440 737 1497; x_wconf 91' lang='lat' dir='ltr'>pumilo</span> <span class='ocrx_word' id='word_1_153' title='bbox 764 1440 1046 1483; x_wconf 87' lang='lat' dir='ltr'>crassiusculo</span> <span class='ocrx_word' id='word_1_154' title='bbox 1075 1440 1336 1483; x_wconf 86' lang='lat' dir='ltr'>divaricatim</span> <span class='ocrx_word' id='word_1_155' title='bbox 1365 1455 1554 1495; x_wconf 83' lang='lat' dir='ltr'>ramoso,</span> <span class='ocrx_word' id='word_1_156' title='bbox 1585 1443 1694 1487; x_wconf 88' lang='lat' dir='ltr'>soliis</span> <span class='ocrx_word' id='word_1_157' title='bbox 1721 1446 1812 1487; x_wconf 89' lang='lat' dir='ltr'>lan-</span> 
     </span>
     <span class='ocr_line' id='line_1_20' title="bbox 132 1498 1812 1560; baseline 0.002 -18"><span class='ocrx_word' id='word_1_158' title='bbox 132 1498 303 1542; x_wconf 85' lang='lat' dir='ltr'>ceolatis</span> <span class='ocrx_word' id='word_1_159' title='bbox 330 1499 655 1552; x_wconf 87' lang='lat' dir='ltr'>obtusiusculis,</span> <span class='ocrx_word' id='word_1_160' title='bbox 696 1501 816 1557; x_wconf 75' lang='lat' dir='ltr'>cyma</span> <span class='ocrx_word' id='word_1_161' title='bbox 842 1500 932 1541; x_wconf 85' lang='lat' dir='ltr'>laxe</span> <span class='ocrx_word' id='word_1_162' title='bbox 953 1498 1226 1553; x_wconf 20' lang='lat' dir='ltr'>,dichotomzL</span> <span class='ocrx_word' id='word_1_163' title='bbox 1255 1499 1471 1556; x_wconf 88' lang='lat' dir='ltr'>pedicellis</span> <span class='ocrx_word' id='word_1_164' title='bbox 1498 1502 1648 1545; x_wconf 84' lang='lat' dir='ltr'>erectis</span> <span class='ocrx_word' id='word_1_165' title='bbox 1676 1504 1812 1560; x_wconf 83' lang='lat' dir='ltr'>calyce</span> 
     </span>
     <span class='ocr_line' id='line_1_21' title="bbox 131 1557 1812 1616; baseline 0.002 -16"><span class='ocrx_word' id='word_1_166' title='bbox 131 1557 415 1612; x_wconf 84' lang='lat' dir='ltr'>brevioribus,</span> <span class='ocrx_word' id='word_1_167' title='bbox 444 1558 586 1616; x_wconf 83' lang='lat' dir='ltr'>calyce</span> <span class='ocrx_word' id='word_1_168' title='bbox 613 1558 757 1601; x_wconf 86' lang='lat' dir='ltr'>inflato</span> <span class='ocrx_word' id='word_1_169' title='bbox 785 1557 1107 1613; x_wconf 87' lang='lat' dir='ltr'>ovato-globoso</span> <span class='ocrx_word' id='word_1_170' title='bbox 1134 1557 1222 1600; x_wconf 89' lang='lat' dir='ltr'>basi</span> <span class='ocrx_word' id='word_1_171' title='bbox 1243 1558 1485 1602; x_wconf 79' lang='lat' dir='ltr'>umbilicato</span> <span class='ocrx_word' id='word_1_172' title='bbox 1503 1560 1654 1616; x_wconf 81' lang='lat' dir='ltr'>sepalis</span> <span class='ocrx_word' id='word_1_173' title='bbox 1671 1568 1812 1604; x_wconf 85' lang='lat' dir='ltr'>ovato-</span> 
     </span>
     <span class='ocr_line' id='line_1_22' title="bbox 125 1616 1809 1677; baseline 0.002 -18"><span class='ocrx_word' id='word_1_174' title='bbox 125 1616 318 1673; x_wconf 86' lang='lat' dir='ltr'>oblongis</span> <span class='ocrx_word' id='word_1_175' title='bbox 345 1617 620 1670; x_wconf 81' lang='lat' dir='ltr'>acuminatis,</span> <span class='ocrx_word' id='word_1_176' title='bbox 664 1616 814 1674; x_wconf 89' lang='lat' dir='ltr'>petalis</span> <span class='ocrx_word' id='word_1_177' title='bbox 848 1616 1008 1672; x_wconf 80' lang='lat' dir='ltr'>glabris</span> <span class='ocrx_word' id='word_1_178' title='bbox 1036 1616 1450 1673; x_wconf 85' lang='lat' dir='ltr'>obovato-oblongis</span> <span class='ocrx_word' id='word_1_179' title='bbox 1487 1618 1640 1661; x_wconf 90' lang='lat' dir='ltr'>bilobis</span> <span class='ocrx_word' id='word_1_180' title='bbox 1672 1621 1809 1677; x_wconf 87' lang='lat' dir='ltr'>calyce</span> 
     </span>
     <span class='ocr_line' id='line_1_23' title="bbox 124 1674 1806 1733; baseline 0.002 -16"><span class='ocrx_word' id='word_1_181' title='bbox 124 1674 393 1719; x_wconf 82' lang='lat' dir='ltr'>brevioribus</span> <span class='ocrx_word' id='word_1_182' title='bbox 411 1713 420 1730; x_wconf 90' lang='lat'>,</span> <span class='ocrx_word' id='word_1_183' title='bbox 454 1674 679 1719; x_wconf 85' lang='lat' dir='ltr'>filamentis</span> <span class='ocrx_word' id='word_1_184' title='bbox 714 1674 805 1718; x_wconf 88' lang='lat' dir='ltr'>basi</span> <span class='ocrx_word' id='word_1_185' title='bbox 834 1675 1009 1728; x_wconf 80' lang='lat' dir='ltr'>ciliatiS,</span> <span class='ocrx_word' id='word_1_186' title='bbox 1048 1676 1218 1732; x_wconf 79' lang='lat' dir='ltr'>capsula</span> <span class='ocrx_word' id='word_1_187' title='bbox 1245 1679 1358 1718; x_wconf 65' lang='lat' dir='ltr'>recta</span> <span class='ocrx_word' id='word_1_188' title='bbox 1386 1676 1806 1733; x_wconf 77' lang='lat' dir='ltr'>cylindrico—conica</span> 
     </span>
     <span class='ocr_line' id='line_1_24' title="bbox 124 1733 1802 1792; baseline 0.002 -16"><span class='ocrx_word' id='word_1_189' title='bbox 124 1734 263 1792; x_wconf 89' lang='lat' dir='ltr'>calyce</span> <span class='ocrx_word' id='word_1_190' title='bbox 289 1736 420 1779; x_wconf 91' lang='lat' dir='ltr'>multo</span> <span class='ocrx_word' id='word_1_191' title='bbox 448 1734 692 1791; x_wconf 88' lang='lat' dir='ltr'>angustiore</span> <span class='ocrx_word' id='word_1_192' title='bbox 721 1740 761 1776; x_wconf 89' lang='lat' dir='ltr'>et</span> <span class='ocrx_word' id='word_1_193' title='bbox 797 1733 1157 1791; x_wconf 84' lang='lat' dir='ltr'>sesquilongiore,</span> <span class='ocrx_word' id='word_1_194' title='bbox 1198 1733 1433 1777; x_wconf 89' lang='lat' dir='ltr'>seminibus</span> <span class='ocrx_word' id='word_1_195' title='bbox 1469 1735 1612 1778; x_wconf 88' lang='lat' dir='ltr'>dissite</span> <span class='ocrx_word' id='word_1_196' title='bbox 1645 1749 1802 1792; x_wconf 87' lang='lat' dir='ltr'>granu-</span> 
     </span>
     <span class='ocr_line' id='line_1_25' title="bbox 122 1792 311 1845; baseline 0.016 -11"><span class='ocrx_word' id='word_1_197' title='bbox 122 1792 217 1836; x_wconf 90' lang='lat' dir='ltr'>latis</span> <span class='ocrx_word' id='word_1_198' title='bbox 246 1799 311 1845; x_wconf 77' lang='grc' dir='ltr'>Θ.</span> 
     </span>
    </p>

    <p class='ocr_par' dir='ltr' id='par_1_8' title="bbox 120 1862 1807 2141">
     <span class='ocr_line' id='line_1_26' title="bbox 181 1862 1807 1913; baseline -0.001 -11"><span class='ocrx_word' id='word_1_199' title='bbox 181 1865 281 1902; x_wconf 90' lang='lat' dir='ltr'>Hab.</span> <span class='ocrx_word' id='word_1_200' title='bbox 305 1866 342 1902; x_wconf 92' lang='lat' dir='ltr'>in</span> <span class='ocrx_word' id='word_1_201' title='bbox 366 1865 559 1903; x_wconf 87' lang='lat' dir='ltr'>montibus</span> <span class='ocrx_word' id='word_1_202' title='bbox 584 1864 756 1913; x_wconf 85' lang='lat' dir='ltr'>Akdagh</span> <span class='ocrx_word' id='word_1_203' title='bbox 779 1867 816 1901; x_wconf 87' lang='lat' dir='ltr'>et</span> <span class='ocrx_word' id='word_1_204' title='bbox 839 1863 1028 1913; x_wconf 85' lang='lat' dir='ltr'>Beydagh</span> <span class='ocrx_word' id='word_1_205' title='bbox 1051 1863 1250 1902; x_wconf 81' lang='lat' dir='ltr'>Cataoniae</span> <span class='ocrx_word' id='word_1_206' title='bbox 1272 1862 1394 1912; x_wconf 82' lang='lat' dir='ltr'>Syriae</span> <span class='ocrx_word' id='word_1_207' title='bbox 1410 1863 1579 1902; x_wconf 85' lang='lat' dir='ltr'>finitimae</span> <span class='ocrx_word' id='word_1_208' title='bbox 1597 1868 1634 1902; x_wconf 85' lang='lat' dir='ltr'>et</span> <span class='ocrx_word' id='word_1_209' title='bbox 1653 1864 1807 1902; x_wconf 85' lang='lat' dir='ltr'>Akker-</span> 
     </span>
     <span class='ocr_line' id='line_1_27' title="bbox 122 1919 1803 1974; baseline 0 -13"><span class='ocrx_word' id='word_1_210' title='bbox 122 1923 227 1974; x_wconf 85' lang='lat' dir='ltr'>dagh</span> <span class='ocrx_word' id='word_1_211' title='bbox 252 1935 370 1974; x_wconf 87' lang='lat' dir='ltr'>supra</span> <span class='ocrx_word' id='word_1_212' title='bbox 391 1924 570 1963; x_wconf 88' lang='lat' dir='ltr'>Marasch</span> <span class='ocrx_word' id='word_1_213' title='bbox 596 1923 772 1974; x_wconf 86' lang='lat' dir='ltr'>(Haussk</span> <span class='ocrx_word' id='word_1_214' title='bbox 790 1923 831 1974; x_wconf 77' lang='lat'>1),</span> <span class='ocrx_word' id='word_1_215' title='bbox 857 1923 1067 1972; x_wconf 70' lang='lat' dir='ltr'>Oaelesyria</span> <span class='ocrx_word' id='word_1_216' title='bbox 1094 1927 1131 1960; x_wconf 85' lang='lat' dir='ltr'>et</span> <span class='ocrx_word' id='word_1_217' title='bbox 1156 1921 1302 1960; x_wconf 74' lang='lat' dir='ltr'>Arabia</span> <span class='ocrx_word' id='word_1_218' title='bbox 1325 1924 1470 1970; x_wconf 75' lang='lat' dir='ltr'>petraea</span> <span class='ocrx_word' id='word_1_219' title='bbox 1495 1919 1678 1971; x_wconf 80' lang='lat' dir='ltr'>(Boiss!)‚</span> <span class='ocrx_word' id='word_1_220' title='bbox 1704 1923 1803 1961; x_wconf 89' lang='lat' dir='ltr'>Per—</span> 
     </span>
     <span class='ocr_line' id='line_1_28' title="bbox 122 1979 1805 2032; baseline 0 -12"><span class='ocrx_word' id='word_1_221' title='bbox 122 1984 181 2021; x_wconf 67' lang='lat' dir='ltr'>sia</span> <span class='ocrx_word' id='word_1_222' title='bbox 206 1985 366 2023; x_wconf 84' lang='lat' dir='ltr'>australi</span> <span class='ocrx_word' id='word_1_223' title='bbox 391 1985 488 2022; x_wconf 83' lang='lat' dir='ltr'>inter</span> <span class='ocrx_word' id='word_1_224' title='bbox 514 1984 757 2032; x_wconf 79' lang='lat' dir='ltr'>Persepolim</span> <span class='ocrx_word' id='word_1_225' title='bbox 784 1986 821 2020; x_wconf 85' lang='lat' dir='ltr'>et</span> <span class='ocrx_word' id='word_1_226' title='bbox 853 1982 1011 2021; x_wconf 85' lang='lat' dir='ltr'>Sebiraz</span> <span class='ocrx_word' id='word_1_227' title='bbox 1043 1982 1135 2032; x_wconf 57' lang='grc' dir='ltr'>(ΚΥ</span> <span class='ocrx_word' id='word_1_228' title='bbox 1159 1993 1240 2020; x_wconf 81' lang='lat' dir='ltr'>exs,</span> <span class='ocrx_word' id='word_1_229' title='bbox 1269 1979 1353 2022; x_wconf 77' lang='lat'>159</span> <span class='ocrx_word' id='word_1_230' title='bbox 1370 1981 1430 2032; x_wconf 82' lang='lat'>!)‚</span> <span class='ocrx_word' id='word_1_231' title='bbox 1469 1983 1645 2019; x_wconf 81' lang='lat' dir='ltr'>orientali</span> <span class='ocrx_word' id='word_1_232' title='bbox 1682 1994 1805 2031; x_wconf 87' lang='lat' dir='ltr'>prope</span> 
     </span>
     <span class='ocr_line' id='line_1_29' title="bbox 120 2036 1802 2098; baseline 0 -19"><span class='ocrx_word' id='word_1_233' title='bbox 120 2042 228 2082; x_wconf 90' lang='lat' dir='ltr'>Yezd</span> <span class='ocrx_word' id='word_1_234' title='bbox 254 2036 466 2098; x_wconf 80' lang='lat' dir='ltr'>(Buhsel)</span> <span class='ocrx_word' id='word_1_235' title='bbox 489 2047 527 2081; x_wconf 81' lang='lat' dir='ltr'>ct</span> <span class='ocrx_word' id='word_1_236' title='bbox 549 2044 698 2081; x_wconf 88' lang='lat' dir='ltr'>boreali</span> <span class='ocrx_word' id='word_1_237' title='bbox 724 2043 773 2081; x_wconf 84' lang='lat' dir='ltr'>ad</span> <span class='ocrx_word' id='word_1_238' title='bbox 797 2042 979 2080; x_wconf 86' lang='lat' dir='ltr'>Teheran</span> <span class='ocrx_word' id='word_1_239' title='bbox 1006 2041 1157 2093; x_wconf 84' lang='lat' dir='ltr'>(Bunge</span> <span class='ocrx_word' id='word_1_240' title='bbox 1173 2039 1216 2091; x_wconf 70' lang='grc' dir='ltr'>Ξ),</span> <span class='ocrx_word' id='word_1_241' title='bbox 1243 2040 1468 2079; x_wconf 70' lang='lat' dir='ltr'>Belutschia</span> <span class='ocrx_word' id='word_1_242' title='bbox 1493 2038 1710 2096; x_wconf 68' lang='lat' dir='ltr'>(Stoekst).</span> <span class='ocrx_word' id='word_1_243' title='bbox 1744 2042 1802 2079; x_wconf 89' lang='lat' dir='ltr'>Fl.</span> 
     </span>
     <span class='ocr_line' id='line_1_30' title="bbox 120 2113 226 2141; baseline 0.028 -3"><span class='ocrx_word' id='word_1_244' title='bbox 120 2113 226 2141; x_wconf 74' lang='lat' dir='ltr'>vere.</span> 
     </span>
    </p>
   </div>
   <div class='ocr_carea' id='block_1_7' title="bbox 120 2164 1800 2278">
    <p class='ocr_par' dir='ltr' id='par_1_9' title="bbox 120 2164 1800 2278">
     <span class='ocr_line' id='line_1_31' title="bbox 179 2164 1800 2220; baseline -0.002 -13"><span class='ocrx_word' id='word_1_245' title='bbox 179 2169 343 2220; x_wconf 81' lang='lat' dir='ltr'>Facies,</span> <span class='ocrx_word' id='word_1_246' title='bbox 379 2170 510 2218; x_wconf 87' lang='lat' dir='ltr'>petala</span> <span class='ocrx_word' id='word_1_247' title='bbox 533 2173 571 2207; x_wconf 85' lang='lat' dir='ltr'>et</span> <span class='ocrx_word' id='word_1_248' title='bbox 594 2169 743 2207; x_wconf 83' lang='lat' dir='ltr'>semina</span> <span class='ocrx_word' id='word_1_249' title='bbox 765 2168 920 2206; x_wconf 88' lang='lat' dir='ltr'>omnino</span> <span class='ocrx_word' id='word_1_250' title='bbox 946 2168 1225 2216; x_wconf 73' lang='lat' dir='ltr'>praecedentis,</span> <span class='ocrx_word' id='word_1_251' title='bbox 1261 2168 1309 2205; x_wconf 90' lang='lat' dir='ltr'>ab</span> <span class='ocrx_word' id='word_1_252' title='bbox 1335 2178 1380 2205; x_wconf 87' lang='lat' dir='ltr'>eo</span> <span class='ocrx_word' id='word_1_253' title='bbox 1402 2167 1530 2204; x_wconf 84' lang='lat' dir='ltr'>differt</span> <span class='ocrx_word' id='word_1_254' title='bbox 1555 2166 1620 2216; x_wconf 92' lang='lat' dir='ltr'>(an</span> <span class='ocrx_word' id='word_1_255' title='bbox 1644 2167 1736 2204; x_wconf 84' lang='lat' dir='ltr'>satis</span> <span class='ocrx_word' id='word_1_256' title='bbox 1748 2164 1800 2220; x_wconf 73' lang='lat'>?),</span> 
     </span>
     <span class='ocr_line' id='line_1_32' title="bbox 120 2226 1494 2278; baseline -0.002 -12"><span class='ocrx_word' id='word_1_257' title='bbox 120 2229 408 2269; x_wconf 72' lang='lat' dir='ltr'>inflorescentia</span> <span class='ocrx_word' id='word_1_258' title='bbox 430 2229 584 2278; x_wconf 83' lang='lat' dir='ltr'>laxiori,</span> <span class='ocrx_word' id='word_1_259' title='bbox 609 2229 744 2277; x_wconf 84' lang='lat' dir='ltr'>calyce</span> <span class='ocrx_word' id='word_1_260' title='bbox 771 2227 897 2265; x_wconf 86' lang='lat' dir='ltr'>latiori</span> <span class='ocrx_word' id='word_1_261' title='bbox 921 2227 1066 2277; x_wconf 82' lang='lat' dir='ltr'>inflato,</span> <span class='ocrx_word' id='word_1_262' title='bbox 1094 2227 1256 2276; x_wconf 75' lang='lat' dir='ltr'>capsula</span> <span class='ocrx_word' id='word_1_263' title='bbox 1278 2226 1494 2275; x_wconf 84' lang='lat' dir='ltr'>graciliori.</span> 
     </span>
    </p>
   </div>
   <div class='ocr_carea' id='block_1_8' title="bbox 491 2381 1419 2436">
    <p class='ocr_par' dir='ltr' id='par_1_10' title="bbox 491 2381 1419 2436">
     <span class='ocr_line' id='line_1_33' title="bbox 491 2381 1419 2436; baseline -0.008 -12"><span class='ocrx_word' id='word_1_264' title='bbox 491 2384 522 2436; x_wconf 88' lang='lat'>†</span> <span class='ocrx_word' id='word_1_265' title='bbox 552 2383 584 2436; x_wconf 87' lang='lat'>†</span> <span class='ocrx_word' id='word_1_266' title='bbox 614 2383 646 2436; x_wconf 84' lang='lat'>†</span> <span class='ocrx_word' id='word_1_267' title='bbox 677 2383 856 2433; x_wconf 85' lang='lat' dir='ltr'>Capsulae</span> <span class='ocrx_word' id='word_1_268' title='bbox 885 2384 1021 2422; x_wconf 86' lang='lat' dir='ltr'>dentes</span> <span class='ocrx_word' id='word_1_269' title='bbox 1046 2382 1219 2430; x_wconf 85' lang='lat' dir='ltr'>margine</span> <span class='ocrx_word' id='word_1_270' title='bbox 1241 2381 1419 2419; x_wconf 84' lang='lat' dir='ltr'>revoluti.</span> 
     </span>
    </p>
   </div>
   <div class='ocr_carea' id='block_1_9' title="bbox 603 2503 1306 2555">
    <p class='ocr_par' dir='ltr' id='par_1_11' title="bbox 603 2503 1306 2555">
     <span class='ocr_line' id='line_1_34' title="bbox 603 2503 1306 2555; baseline -0.01 -7"><span class='ocrx_word' id='word_1_271' title='bbox 603 2521 642 2548; x_wconf 78' lang='lat' dir='ltr'>a.</span> <span class='ocrx_word' id='word_1_272' title='bbox 675 2509 901 2548; x_wconf 87' lang='lat' dir='ltr'>Petalorum</span> <span class='ocrx_word' id='word_1_273' title='bbox 923 2517 1073 2555; x_wconf 82' lang='lat' dir='ltr'>ungues</span> <span class='ocrx_word' id='word_1_274' title='bbox 1096 2503 1306 2547; x_wconf 85' lang='lat' dir='ltr'>barbulati.</span> 
     </span>
    </p>
   </div>
   <div class='ocr_carea' id='block_1_10' title="bbox 118 2624 1797 2747">
    <p class='ocr_par' dir='ltr' id='par_1_12' title="bbox 118 2624 1797 2747">
     <span class='ocr_line' id='line_1_35' title="bbox 177 2624 1797 2689; baseline -0.008 -9"><span class='ocrx_word' id='word_1_275' title='bbox 177 2634 232 2679; x_wconf 81' lang='lat' dir='ltr'>C.</span> <span class='ocrx_word' id='word_1_276' title='bbox 258 2633 632 2689; x_wconf 74' lang='lat' dir='ltr'>lonqifolium</span> <span class='ocrx_word' id='word_1_277' title='bbox 673 2630 832 2687; x_wconf 91' lang='lat' dir='ltr'>(Willd.</span> <span class='ocrx_word' id='word_1_278' title='bbox 864 2627 933 2685; x_wconf 88' lang='lat' dir='ltr'>Sp.</span> <span class='ocrx_word' id='word_1_279' title='bbox 972 2639 1066 2683; x_wconf 85' lang='lat' dir='ltr'>pag.</span> <span class='ocrx_word' id='word_1_280' title='bbox 1103 2624 1189 2668; x_wconf 75' lang='lat'>814</span> <span class='ocrx_word' id='word_1_281' title='bbox 1228 2637 1311 2667; x_wconf 92' lang='lat' dir='ltr'>non</span> <span class='ocrx_word' id='word_1_282' title='bbox 1355 2624 1488 2689; x_wconf 67' lang='lat' dir='ltr'>Poir.)</span> <span class='ocrx_word' id='word_1_283' title='bbox 1529 2624 1797 2689; x_wconf 81' lang='lat' dir='ltr'>glanduloso-</span> 
     </span>
     <span class='ocr_line' id='line_1_36' title="bbox 118 2683 1796 2747; baseline -0.006 -14"><span class='ocrx_word' id='word_1_284' title='bbox 118 2691 376 2747; x_wconf 87' lang='lat' dir='ltr'>pubescens,</span> <span class='ocrx_word' id='word_1_285' title='bbox 406 2692 523 2735; x_wconf 86' lang='lat' dir='ltr'>caule</span> <span class='ocrx_word' id='word_1_286' title='bbox 550 2689 713 2747; x_wconf 91' lang='lat' dir='ltr'>pumilo</span> <span class='ocrx_word' id='word_1_287' title='bbox 740 2689 833 2746; x_wconf 90' lang='lat' dir='ltr'>plus</span> <span class='ocrx_word' id='word_1_288' title='bbox 860 2686 1002 2729; x_wconf 90' lang='lat' dir='ltr'>minus</span> <span class='ocrx_word' id='word_1_289' title='bbox 1030 2684 1294 2735; x_wconf 90' lang='lat' dir='ltr'>dichotom0‚</span> <span class='ocrx_word' id='word_1_290' title='bbox 1324 2683 1433 2725; x_wconf 84' lang='lat' dir='ltr'>folus</span> <span class='ocrx_word' id='word_1_291' title='bbox 1461 2683 1796 2725; x_wconf 82' lang='lat' dir='ltr'>lmeari-lanceo-</span> 
     </span>
    </p>
   </div>
   <div class='ocr_carea' id='block_1_11' title="bbox 117 2739 1797 2925">
    <p class='ocr_par' dir='ltr' id='par_1_13' title="bbox 117 2739 1797 2925">
     <span class='ocr_line' id='line_1_37' title="bbox 117 2739 1797 2809; baseline -0.006 -18"><span class='ocrx_word' id='word_1_292' title='bbox 117 2749 211 2794; x_wconf 90' lang='lat' dir='ltr'>latis</span> <span class='ocrx_word' id='word_1_293' title='bbox 228 2787 237 2804; x_wconf 94' lang='lat'><strong><em>‚</em></strong></span> <span class='ocrx_word' id='word_1_294' title='bbox 276 2754 396 2809; x_wconf 76' lang='lat' dir='ltr'>cyma</span> <span class='ocrx_word' id='word_1_295' title='bbox 421 2751 512 2793; x_wconf 76' lang='lat' dir='ltr'>laxa</span> <span class='ocrx_word' id='word_1_296' title='bbox 538 2748 785 2800; x_wconf 80' lang='lat' dir='ltr'>divaricata,</span> <span class='ocrx_word' id='word_1_297' title='bbox 815 2743 1193 2807; x_wconf 70' lang='lat' dir='ltr'>pedicclliscalyce</span> <span class='ocrx_word' id='word_1_298' title='bbox 1222 2739 1291 2783; x_wconf 66' lang='lat'>2-:3</span> <span class='ocrx_word' id='word_1_299' title='bbox 1319 2742 1386 2797; x_wconf 91' lang='lat' dir='ltr'>plo</span> <span class='ocrx_word' id='word_1_300' title='bbox 1414 2740 1676 2805; x_wconf 67' lang='lat' dir='ltr'>longioribus</span> <span class='ocrx_word' id='word_1_301' title='bbox 1703 2748 1797 2805; x_wconf 81' lang='lat' dir='ltr'>post</span> 
     </span>
     <span class='ocr_line' id='line_1_38' title="bbox 117 2800 1794 2865; baseline -0.006 -15"><span class='ocrx_word' id='word_1_302' title='bbox 117 2809 313 2853; x_wconf 83' lang='lat' dir='ltr'>anthesin</span> <span class='ocrx_word' id='word_1_303' title='bbox 339 2806 799 2865; x_wconf 84' lang='lat' dir='ltr'>incurvo-patentibus,</span> <span class='ocrx_word' id='word_1_304' title='bbox 829 2802 980 2860; x_wconf 89' lang='lat' dir='ltr'>sepalis</span> <span class='ocrx_word' id='word_1_305' title='bbox 1008 2800 1607 2863; x_wconf 48' lang='lat' dir='ltr'>hirti&amp;oblongo-lanceolam</span> <span class='ocrx_word' id='word_1_306' title='bbox 1634 2812 1794 2863; x_wconf 78' lang='lat' dir='ltr'>acumi-</span> 
     </span>
     <span class='ocr_line' id='line_1_39' title="bbox 117 2857 1794 2925; baseline -0.007 -16"><span class='ocrx_word' id='word_1_307' title='bbox 117 2868 226 2911; x_wconf 82' lang='lat' dir='ltr'>natis</span> <span class='ocrx_word' id='word_1_308' title='bbox 260 2867 379 2925; x_wconf 90' lang='lat' dir='ltr'>apice</span> <span class='ocrx_word' id='word_1_309' title='bbox 411 2867 569 2924; x_wconf 86' lang='lat' dir='ltr'>glabris</span> <span class='ocrx_word' id='word_1_310' title='bbox 605 2859 1082 2917; x_wconf 80' lang='lat' dir='ltr'>scarioso-marginatis‚</span> <span class='ocrx_word' id='word_1_311' title='bbox 1112 2858 1259 2914; x_wconf 82' lang='lat' dir='ltr'>petalis</span> <span class='ocrx_word' id='word_1_312' title='bbox 1286 2858 1423 2914; x_wconf 86' lang='lat' dir='ltr'>calyce</span> <span class='ocrx_word' id='word_1_313' title='bbox 1451 2857 1794 2911; x_wconf 81' lang='lat' dir='ltr'>sublongioribus</span> 
     </span>
    </p>
   </div>
   <div class='ocr_carea' id='block_1_12' title="bbox 1519 2939 1561 2974">
    <p class='ocr_par' dir='ltr' id='par_1_14' title="bbox 1519 2939 1561 2974">
     <span class='ocr_line' id='line_1_40' title="bbox 1519 2939 1561 2974; baseline 0.048 -2"><span class='ocrx_word' id='word_1_314' title='bbox 1519 2939 1561 2974; x_wconf 76' lang='lat'>46</span> 
     </span>
    </p>
   </div>
  </div>
 </body>
</html>
