2021 3235
899 82 982 127 957

492 527 740 606 OMISSA
800 526 884 604 ET
947 525 1142 605 EMEN
1147 525 1290 604 DAN
1296 526 1403 604 DA.

107 1094 203 1142 l’ag.
235 1085 307 1138 86,
338 1085 411 1127 lin.
445 1084 515 1127 19.
547 1084 626 1127 Pro
659 1101 676 1126 α
697 1083 980 1141 Delphinium
1006 1084 1344 1141 cardiopecalum
1370 1084 1512 1127 differt
1538 1099 1561 1127 a
1602 1085 1647 1128 D.
1676 1099 1795 1141 pere-

369 1144 494 1201 [Jrino
515 1160 531 1184 »
564 1143 655 1199 lege
679 1157 687 1185 ε
723 1160 738 1184 (<
762 1157 785 1185 a
812 1142 865 1186 D.
897 1143 1121 1186 lzalterato.
1148 1159 1164 1183 »

106 1236 204 1292 Pag.
235 1234 336 1288 402,
370 1235 447 1278 lin.
476 1234 546 1278 28.
577 1235 637 1277 Ad
663 1234 1042 1279 Berberidem
1067 1236 1382 1292 vulgarem
1408 1235 1514 1278 adde
1538 1251 1545 1278 ;

165 1313 239 1355 Ar.
271 1312 434 1364 Geogr.
458 1315 636 1364 Europa,
661 1314 772 1352 India
795 1315 984 1353 borealis.

110 1420 208 1477 Pag.
245 1419 355 1474 103,
384 1420 456 1477 lig.
488 1419 558 1463 99.
591 1419 686 1462 Post
711 1419 982 1463 Berberidem
1012 1419 1225 1464 Creticam
1252 1421 1388 1464 adde:

167 1514 225 1557 B.
258 1513 520 1557 Asiatica
546 1511 695 1566 (Roxb.
727 1515 771 1554 in
799 1524 866 1555 nc.
899 1511 1007 1569 Syst.
1040 1512 1093 1566 ΙΙ,
1122 1527 1163 1570 p.
1195 1511 1288 1570 13),
1319 1526 1516 1570 procera,
1537 1513 1648 1557 foliis
1665 1514 1799 1558 coria—

109 1571 194 1615 ceis
235 1569 720 1614 lacunoso-reticulatis
763 1570 1010 1614 orbiculatis
1051 1572 1113 1614 vel
1155 1571 1606 1615 obovato-lanccolatis
1648 1573 1797 1616 subtus

110 1629 269 1686 glaucis
296 1629 474 1685 integris
509 1629 574 1671 vel
600 1642 747 1685 grosse
779 1629 1195 1686 sinuato-spinosis,
1234 1630 1367 1688 spinis
1394 1631 1535 1688 parvis
1571 1630 1645 1675 3-5
1672 1631 1769 1675 fidis
1787 1667 1796 1685 ‚

108 1688 284 1732 floribus
320 1686 574 1731 fasciculatis
609 1688 674 1730 vel
709 1687 895 1731 breviter
933 1688 1188 1742 racemosis,
1218 1689 1359 1733 baccis
1392 1689 1525 1733 ovatis
1567 1690 1672 1748 stylo
1709 1690 1794 1734 dis-

109 1748 238 1790 tincto
265 1753 303 1797 5.
333 1746 490 1789 Deless.
524 1745 639 1794 lcon.
671 1744 751 1789 Sel.
783 1746 835 1800 ΙΙ,
864 1746 948 1790 tab.
981 1746 1024 1789 1.

165 1818 264 1857 Hab.
291 1818 329 1855 in
350 1817 559 1867 Affghanis
582 1816 710 1865 (Griff.
739 1829 786 1856 ex
808 1817 937 1856 Hook.
963 1822 1001 1856 et
1024 1818 1100 1856 Th.
1126 1818 1185 1857 Fl.
1212 1819 1375 1868 Indica).

169 1883 244 1923 Ar.
278 1882 439 1934 Geogr.
474 1884 697 1932 Himalaya.

109 1988 207 2045 Pag.
237 1987 338 2041 119,
367 1987 441 2030 lin.
473 1986 527 2030 16
555 1988 616 2031 Ad
649 1988 1003 2032 Raemeriam
1038 1988 1486 2033 rhaeadifloram
1522 1990 1630 2033 adde
1667 2004 1795 2047 syno-

372 2059 558 2147 ?y1}nog:
589 2046 640 2089 R.
671 2046 856 2103 refracta
883 2058 950 2090 Dc.
974 2045 1079 2105 Syst.
1110 2046 1165 2098 ΙΙ,
1193 2061 1234 2104 p.
1266 2046 1337 2090 93.
1368 2047 1524 2091 Dclcss.
1562 2049 1620 2092 Ic.
1651 2048 1732 2092 Sel.
1765 2049 1797 2101 l,

391 2119 413 2148 a
450 2137 460 2148 .
524 2139 532 2147 .

112 2196 209 2251 Pag.
240 2195 342 2249 426,
371 2195 445 2238 lin.
477 2194 548 2239 29.
578 2195 639 2238 Ad
667 2195 1080 2251 Corydalidem
1106 2197 1468 2242 rutaefoliam
1494 2199 1587 2242 dele
1616 2212 1792 2256 synony—

374 2267 504 2297 mon:
538 2253 585 2297 C.
616 2253 864 2298 Libanotz'ca
880 2254 1055 2298 Hochst.
1088 2255 1140 2298 ad
1171 2254 1219 2298 C.
1248 2256 1432 2300 solidam
1458 2272 1548 2300 var.
1581 2257 1803 2314 brachylo-

375 2313 471 2356 bam
498 2318 710 2369 spectans.

113 2403 212 2460 Pag.
242 2403 344 2458 161,
371 2403 447 2447 lin.
478 2403 549 2447 24.
582 2403 681 2447 Dcle
720 2403 1133 2449 Cardaminem
1165 2405 1363 2450 Huetii
1396 2406 1506 2450 infra
1533 2422 1573 2465 p.
1614 2406 1708 2450 214·
1726 2407 1805 2450 sub

372 2462 545 2506 nomine
572 2462 808 2518 Sisymbrii
837 2462 984 2506 Huetii
1015 2463 1289 2520 descriptam.

115 2571 211 2627 pag.
244 2569 347 2624 214,
378 2570 451 2613 lin.
484 2569 553 2613 19.
584 2569 683 2614 Post
707 2570 1106 2627 Sisymbrium
1138 2571 1586 2616 Griffithianum
1620 2572 1757 2615 adde:

172 2663 570 2720 Sisymbrium
602 2664 801 2708 Huetii
829 2662 981 2720 (Boiss.
1013 2662 1161 2718 Diagn.
1183 2662 1271 2706 Ser.
1304 2663 1356 2717 II,
1386 2663 1436 2718 V,
1456 2678 1498 2721 p.
1531 2663 1586 2708 18
1606 2664 1685 2707 sub
1707 2663 1811 2707 Carae

114 2722 302 2779 damme)
332 2722 411 2765 sub
438 2723 550 2765 lente
577 2722 689 2779 pubc
717 2724 885 2765 ramosa
911 2721 1146 2775 birtellum,
1176 2721 1421 2772 multicaulc
1447 2722 1678 2779 pumilum,
1699 2723 1810 2766 foliis

116 2779 278 2824 ambitu
303 2779 719 2824 lineari-lanceolatis
747 2779 1081 2837 pinnatipartitis
1108 2779 1284 2823 sectisve
1313 2780 1571 2824 radicalibus
1590 2781 1715 2838 longe
1741 2796 1811 2838 pe-

117 2837 271 2882 tiolatis
297 2838 477 2882 caulinis
504 2837 989 2895 auriculam-sagittatis,
1020 2838 1249 2894 segmeotis
1277 2839 1416 2895 parvis
1443 2839 1810 2883 obovatis'oblon-

116 2895 232 2952 gisve
273 2895 460 2951 obtusis,
504 2895 704 2940 foliorum
746 2895 1020 2954 superiorum
1061 2895 1296 2940 linearibus
1324 2896 1484 2950 acutis,
1512 2897 1663 2954 petalis
1705 2897 1812 2941 albis
