2021 3235
886 63 969 109 837

502 276 719 325 ΡΑνοΝιΑ
755 266 872 338 (cav.
910 275 1016 323 mss.
1046 275 1118 333 ιιι,
1155 290 1193 337 p.
1232 275 1348 337 132).

146 439 373 482 Bracleolae
407 439 485 481 sub
518 440 658 497 calyce
686 439 950 496 5-plurirnae‚
980 439 1190 483 distinctae
1219 441 1281 482 vel
1311 440 1353 482 in
1386 440 1653 484 involucrum
1684 441 1772 485 basi

89 504 295 540 connata-¹.
325 497 444 555 Calyx
472 497 498 540 5
525 498 633 540 fidus
660 499 722 540 vel
751 499 962 541 dentatus.
993 498 1130 542 Ovarii
1159 498 1284 541 loculi
1303 499 1551 542 uniovulati.
1583 499 1774 557 Carpella

89 557 215 599 dorso
249 556 360 598 nuda
394 557 455 598 vel
492 556 689 610 aristata,
727 556 1037 600 indehiscenlia
1075 558 1137 599 vel
1164 558 1259 614 plus
1288 557 1429 600 minus
1458 558 1679 601 manifeste
1706 558 1773 601 bi-

89 614 232 658 valvia.
265 640 320 646 -
349 614 497 658 Herbae
526 615 587 658 vel
615 614 788 658 frutices
816 615 1074 673 sublropicae
1100 616 1162 659 vel
1193 616 1384 673 tropicae.

148 774 204 816 P.
232 773 486 816 Arabica
513 773 706 829 (Hochst.
738 770 860 815 et-St.
893 772 934 812 in
963 769 1149 826 Schimp.
1181 771 1237 826 pl.
1260 768 1501 825 oxs.‚l837)
1531 772 1776 827 tomeniella

92 831 324 883 rufescens,
353 830 525 873 humilis
553 831 640 874 fere
668 831 902 881 herbacea,
940 828 1132 871 caulibus
1161 828 1337 882 erectis,
1367 828 1479 871 foliis
1507 842 1528 870 e
1557 828 1647 872 basi
1675 830 1776 873 sub—

93 890 265 932 cordata
300 889 493 945 oblongis
529 889 691 932 obtusis
728 887 1015 943 subinlegris,
1050 886 1303 944 pedunculis
1340 887 1584 930 axillaribus
1623 888 1777 944 petiolo

92 947 374 1003 longioribus,
405 947 628 991 bracteolis
655 946 790 991 10-12
818 946 993 990 seiaceis
1021 945 1166 988 liberis
1194 946 1331 1003 calyce
1361 946 1484 1002 triplo
1511 946 1777 1001 longioribus

93 1007 291 1050 corollam
321 1006 639 1062 superantibus,
669 1005 864 1063 carpellis
883 1005 1059 1048 hirsutis
1079 1004 1246 1047 rnuticis
1263 1004 1391 1048 dorso
1409 1004 1605 1047 convexis
1623 1007 1778 1061 angulo

94 1066 260 1109 interno
288 1064 688 1109 subdehiscentibus
723 1071 781 1113 26.

152 1137 251 1174 Hah.
278 1138 439 1184 probab.
467 1138 503 1174 in
530 1137 754 1176 Belutschia
777 1136 938 1175 australi
971 1132 1182 1189 (Stocks!)‚
1208 1135 1277 1173 sed
1300 1135 1396 1173 civis
1421 1135 1627 1174 subdubia.

153 1201 213 1241 Ar
241 1208 419 1253 Greogr.
454 1204 601 1242 Arabia
621 1204 779 1241 deserta
797 1204 833 1240 in
860 1206 988 1240 monte
1010 1201 1159 1240 Sedder
1182 1201 1370 1251 (Schimp.
1391 1214 1472 1240 exe.
1492 1199 1580 1242 889
1595 1199 1632 1254 l),
1654 1202 1779 1251 Abys-

96 1264 195 1302 sinia
221 1263 394 1314 (Schimp
411 1263 450 1314 !)‚
478 1264 573 1301 ditio
597 1263 738 1302 Scinde
765 1254 986 1313 (Stocksl).

153 1437 210 1480 P.
239 1436 598 1492 qrewioides
635 1435 827 1491 <Hocbst.
870 1434 910 1477 in
945 1434 1130 1492 Schimp.
1169 1438 1226 1493 pl.
1264 1437 1409 1494 Abyss.
1442 1437 1574 1493 1554)
1605 1437 1779 1494 adpres-

97 1494 278 1538 siuscule
306 1502 345 1537 et
372 1494 566 1537 stellatiin
594 1494 744 1552 pilosa,
765 1493 984 1546 fruticosa,
1016 1495 1144 1537 ramis
1173 1495 1342 1547 erectis,
1372 1495 1482 1538 foliis
1509 1510 1530 1538 e
1559 1495 1649 1539 basi
1680 1496 1780 1538 sub-

98 1557 289 1596 lruncata'i
317 1553 510 1608 oblongis
537 1553 698 1596 obtusis
726 1551 933 1604 crenatis,
973 1553 1222 1609 pedunculis
1249 1569 1297 1596 ex
1325 1554 1459 1597 axillis
1486 1554 1780 1610 superioribus

98 1612 262 1669 petiolis
289 1612 657 1663 subbrevioribus,
687 1611 912 1654 bracleolis
941 1612 1143 1655 subdenis
1161 1617 1338 1669 anguste
1358 1613 1781 1656 lineari-lanceolatis

98 1671 183 1714 sere
210 1670 354 1713 liberis
383 1671 564 1727 calycein
594 1671 719 1727 paulo
747 1670 1047 1726 superantibus
1074 1672 1231 1714 corolla
1259 1671 1551 1724 brevioribus,
1587 1672 1781 1728 carpellis

97 1729 393 1785 glabriusculis
420 1729 784 1772 indehiscenlibus
811 1729 938 1771 dorso
965 1742 1111 1784 grosse
1141 1730 1352 1786 rugulosis
1370 1730 1655 1774 subcarinatis
1674 1744 1782 1774 mar—

97 1787 194 1844 gine
222 1789 407 1831 medium
435 1802 581 1831 versus
607 1788 809 1844 utrinque
837 1788 984 1830 aculeo
1011 1788 1160 1832 conico
1188 1789 1303 1832 brevi
1329 1789 1476 1832 obsitis
1495 1788 1612 1846 apice
1632 1789 1782 1833 obtuse

99 1846 352 1899 tridenlalis‚
383 1847 580 1889 denubus
616 1846 656 1888 in
687 1846 881 1902 cuspides
908 1847 1256 1891 membranaceas
1277 1855 1395 1891 extus
1414 1855 1454 1891 et
1481 1848 1681 1891 deorsum
1709 1848 1782 1890 de-

100 1905 225 1948 flexas
253 1906 507 1948 abeuntibus
534 1904 780 1948 lateralibus
807 1904 998 1948 indivisis
1025 1905 1278 1949 intermedia
1307 1906 1432 1949 bifida
1462 1914 1499 1955 5.

160 1976 258 2014 Hab.
283 1978 319 2013 in
345 1972 570 2014 Belutsehia
592 1976 774 2014 inferiore
802 1975 959 2025 (Stocks
977 1975 1022 2026 i).

160 2045 318 2094 Species
342 2057 362 2084 e
379 2046 552 2084 sectione
569 2046 809 2094 Lebrewnia,
835 2043 908 2084 1-2
926 2046 1090 2094 pedalis,
1117 2044 1211 2084 folia
1234 2046 1450 2094 poHicaria,
1474 2046 1622 2084 corolla
1641 2056 1660 2081 e
1679 2045 1784 2083 sicco

101 2105 202 2142 flava
225 2106 382 2154 magnit.
409 2105 506 2144 Cisti
531 2105 731 2154 salvisolz'i.

161 2170 238 2211 Ar.
271 2171 431 2222 Geogr.
465 2173 690 2222 Abyssinia,
718 2172 874 2211 Scinde.

164 2339 219 2381 P.
249 2340 644 2394 procumbens
674 2338 839 2395 (Wight
866 2338 1014 2381 Prodr.
1046 2338 1105 2380 Fl.
1138 2338 1228 2380 lnd.
1260 2338 1371 2396 l‚·p.
1403 2335 1477 2392 47)
1517 2336 1609 2391 plus
1647 2335 1789 2378 minus

108 2397 555 2453 stellato-pubescens,
586 2397 890 2440 suffrutescens
921 2397 1047 2440 ramis
1074 2395 1456 2453 procumbentibus
1473 2429 1482 2447 ‚
1512 2393 1623 2436 foliis
1651 2408 1672 2436 e
1699 2394 1790 2437 basi

108 2455 275 2498 cordata
313 2455 443 2498 ovalis
471 2455 603 2498 aculis
632 2456 816 2499 crenalis
843 2455 1056 2498 interdurn
1085 2455 1273 2498 obsolete
1311 2453 1500 2505 trilobis,
1539 2451 1791 2508 pedunculis

108 2512 375 2557 filisormibus
404 2514 556 2571 petiolo
583 2514 867 2569 longioribus,
896 2513 1121 2557 bracteolis
1149 2527 1219 2556 sex
1246 2510 1582 2569 ovato—oblongis
1609 2510 1651 2553 in
1678 2510 1794 2553 invo-

116 2572 281 2615 lucrum
315 2572 403 2615 basi
438 2573 599 2616 coalitis
635 2574 820 2631 calycem
858 2572 1157 2630 superantibus
1192 2572 1350 2615 corolla
1376 2571 1482 2613 flava
1506 2568 1793 2622 brevioribus,

115 2631 307 2686 carpellis
333 2631 664 2688 pubescentibus
692 2631 1056 2675 indehiscentibus
1092 2630 1282 2674 obovatis
1318 2628 1518 2673 carinatis
1546 2628 1705 2671 aculeis
1723 2625 1794 2670 5-7

120 2689 448 2746 triangularibus
475 2690 729 2748 compressis
757 2698 793 2740 5.
826 2690 972 2746 Wight
1000 2690 1053 2733 Ic⁴
1087 2689 1173 2732 lab.
1205 2689 1246 2731 4.

176 2759 275 2798 Hab.
300 2760 338 2797 in
363 2760 586 2798 Belutschia
608 2759 767 2810 (Stocks
783 2761 825 2808 !).

179 2825 253 2866 Ar.
287 2826 449 2880 Geogr.
487 2829 593 2867 Ditio
620 2827 773 2877 Scinde‚
800 2828 923 2865 India.
