2021 3235
915 183 991 226 751

166 275 211 328 β.
230 273 557 330 confertiflorus.
587 273 707 317 Rami
724 273 897 316 densius
916 279 956 316 et
980 274 1148 331 longius
1174 276 1322 329 foliati,
1352 277 1518 322 florales
1536 281 1766 327 abbreviati

108 345 235 390 cymae
261 338 488 375 contractae
515 331 804 389 subcapitatae.
849 331 894 375 S.
925 335 1196 389 marqz'natus
1232 334 1351 378 Guss.
1394 337 1458 379 Pr.
1499 338 1578 382 Sic.
1611 354 1650 396 p.
1682 321 1783 386 4863

108 417 164 421 —
190 389 236 434 S.
266 391 477 447 neylectus
507 391 678 433 Rochel.

165 460 267 499 Hab.
298 459 335 497 in
358 461 520 509 regione
545 461 730 497 montana
754 461 789 498 el
815 461 970 508 alpina,
1002 459 1156 498 Graecia
1189 461 1227 498 in
1252 462 1451 503 Pentelico
1476 465 1611 514 (Orpb.
1637 469 1695 507 Fl.
1719 470 1784 509 Gr.

109 531 189 558 exs.
213 515 310 568 91),
352 519 390 556 in
414 523 545 557 monte
572 519 714 568 Delphi
739 519 883 558 Eubeae
909 518 1068 568 (Heldr.
1096 520 1214 558 Herb.
1242 521 1377 559 Norm.
1403 521 1480 562 791
1504 523 1567 575 l).
1597 528 1632 563 in
1659 535 1787 568 monte

106 579 269 618 Veluchi
293 576 489 628 (Heldr!)‚
515 583 643 616 monte
666 578 865 616 Korthiati
891 578 1129 617 Macedoniae
1155 577 1277 631 (Orph
1294 576 1337 631 l).

166 644 240 685 Ar.
273 645 436 696 Geogr.
470 647 631 695 Europa
653 647 782 684 media
806 650 845 684 et
866 647 1068 685 australis.

823 802 1077 850 HABROSIA

558 884 690 942 (Fenzl
731 884 818 932 Bot.
854 884 952 931 Zeit.
990 883 1118 941 1843,
1154 899 1192 946 p.
1223 884 1343 944 322).

164 1046 286 1105 Calyx
311 1046 465 1104 phyllis
491 1045 518 1089 5
544 1046 731 1090 breviter
757 1046 918 1089 coalitis
946 1047 1069 1103 longe
1097 1046 1281 1091 aristatis
1316 1049 1367 1091 ad
1395 1049 1509 1093 dorsi
1536 1051 1671 1096 basim
1698 1054 1789 1111 gib-

106 1105 234 1159 bosis.
266 1105 408 1148 Peliala
433 1104 460 1147 5
487 1104 598 1148 sauci
625 1104 777 1163 calycis
805 1104 966 1148 inserta
992 1106 1392 1162 ovato-spathulata.
1422 1108 1608 1153 Stamina
1635 1111 1661 1155 5
1679 1127 1790 1156 mar-

104 1163 275 1221 ginibus
302 1163 442 1207 lobato
461 1189 478 1195 -
496 1162 713 1221 quadratis
746 1163 851 1206 disci
884 1163 1035 1221 calycis
1068 1164 1218 1207 tubum
1246 1165 1461 1209 vestientis
1487 1168 1664 1223 inserta,
1699 1171 1789 1215 fila-

105 1221 258 1266 mentis
285 1221 564 1276 brevissimis,
592 1221 783 1266 antheris
808 1221 1206 1280 globoso-didymis.
1238 1222 1338 1281 Styli
1357 1223 1382 1267 2
1400 1225 1539 1269 liberi.
1577 1228 1791 1274 Utriculus

104 1280 389 1324 indehiscens.
436 1279 586 1324 Semen
614 1282 853 1336 globosum.
884 1306 941 1312 —-
970 1280 1108 1323 Hcrba
1143 1295 1283 1325 annua
1317 1283 1457 1326 tennis
1490 1285 1594 1328 facie
1621 1287 1790 1331 Alsines

106 1339 339 1396 tenuifolz'oe
364 1339 435 1382 sed
463 1339 662 1383 omnibus
688 1338 881 1397 partibus
909 1339 1041 1383 multo
1069 1339 1225 1382 minor.
1269 1340 1410 1385 Genus
1441 1342 1620 1388 floribus
1651 1348 1789 1390 corol-

103 1398 197 1441 latis
222 1411 376 1441 nexum
404 1398 455 1441 ad
481 1397 678 1441 Als‘ineas
704 1411 825 1441 veras
852 1397 1064 1453 praebens,
1104 1397 1254 1441 melius
1291 1406 1431 1442 tamen
1468 1401 1521 1444 ob
1556 1403 1788 1448 utriculum

104 1456 441 1558 indehiscegtem
469 1457 650 1500 evalvem
679 1456 966 1499 Sclerantheis
1002 1456 1158 1513 quibus
1191 1456 1317 1500 etiam
1355 1458 1500 1502 habitu
1529 1462 1689 1505 accedit
1715 1464 1788 1506 ad-

109 1528 318 1559 numerari
351 1529 438 1558 um.

160 1677 226 1721 H.
259 1675 639 1733 spinuliilora
680 1675 796 1733 (Ser.
828 1676 871 1719 in
899 1688 966 1720 nc.
999 1676 1148 1721 Prodr.
1181 1677 1221 1731 l,
1249 1692 1290 1736 p.
1321 1679 1406 1723 406
1443 1682 1521 1724 sub
1553 1682 1785 1742 Arenarici)

103 1735 378 1793 glaberrima,
419 1735 539 1778 caule
572 1742 713 1778 erecto
747 1734 935 1778 filisormi
967 1734 1231 1779 divaricatim
1258 1750 1426 1782 ramoso
1453 1739 1693 1796 paniculato
1722 1757 1788 1786 ra-

104 1793 184 1837 mis
226 1793 419 1847 setaceis‚
462 1792 572 1836 foliis
600 1807 622 1836 e
648 1792 739 1836 basi
767 1793 938 1836 dilatata
963 1794 1139 1838 setaceis
1165 1794 1350 1850 obtusis,
1392 1798 1606 1854 pedicellis
1649 1801 1788 1859 calyce

104 1852 371 1909 longioribus
407 1852 579 1895 demum
618 1851 789 1909 patulis,
833 1851 1015 1895 bracteis
1056 1852 1242 1896 breviter
1283 1855 1523 1900 lanceolatis
1565 1859 1787 1904 herbaceis

105 1909 721 1966 membranaceo-marginatis,
749 1909 904 1967 calycis
931 1910 1094 1955 laciniis
1121 1911 1315 1968 oblongis
1342 1914 1790 1962 carinato-uninerviis

106 1969 465 2012 membranaceo·
483 1968 733 2024 marginatis
759 1968 802 2011 in
831 1968 1003 2012 aristam
1030 1970 1313 2027 aequilongam
1342 1972 1613 2028 abeuntibus,
1642 1976 1790 2033 petalis

108 2027 213 2072 albis
238 2029 380 2086 calyce
406 2027 494 2070 fere
522 2026 648 2084 triplo
675 2026 944 2070 brevioribus
973 2032 1036 2079 Θ.

165 2098 269 2136 Hab.
295 2099 334 2136 in
360 2097 527 2136 collibus
556 2095 765 2145 lapidosis,
789 2096 907 2145 Syria
931 2097 979 2134 ad
1009 2097 1163 2147 Aleppo
1194 2095 1441 2151 (Rousseaul
1468 2100 1532 2150 Ky
1564 2112 1646 2141 exs.
1676 2101 1786 2144 120!

108 2150 246 2196 Auchi
268 2155 426 2195 Haussk
442 2154 484 2209 l),
509 2156 725 2194 Damascus
748 2155 788 2193 in
811 2159 941 2194 monte
959 2154 1084 2195 Gebel
1101 2156 1303 2195 Khaisoun
1323 2156 1442 2210 (Gaill
1460 2157 1502 2208 Ξ),
1535 2159 1658 2200 Gebel
1675 2163 1792 2202 Belas

109 2217 210 2255 inter
234 2216 361 2254 Hama
386 2222 425 2255 et
449 2216 673 2264 Palmyram
698 2214 760 2267 (Bl
777 2213 820 2264 l),
854 2214 1142 2264 Mesopotamia
1165 2215 1308 2264 (Auch.
1333 2228 1414 2256 exs.
1439 2216 1529 2259 590
1552 2224 1611 2259 ter
1625 2221 1674 2272 l),
1691 2222 1791 2261 Kur-

111 2275 279 2314 distania
303 2275 463 2314 Persica
487 2274 537 2312 ad
560 2273 722 2312 Kirrind
748 2273 850 2323 (Noe'
865 2270 910 2327 t).
937 2273 997 2312 Fl.
1021 2274 1244 2313 Mam-Mai.

431 2453 733 2501 SUBORD.
776 2453 852 2499 11.
904 2448 1496 2501 ORTHEMBRYEAE.-

172 2581 356 2639 Embryo
384 2587 524 2625 rectus
549 2580 749 2625 lateralis.

556 2743 631 2788 ΤΒ.
666 2743 734 2786 Vl.
777 2741 1157 2786 PTERANTHEAE.
1193 2742 1241 2785 R.
1278 2741 1346 2785 ΒΓ.

175 2876 374 2921 Ovarium
407 2876 714 2920 uniovulatum.
759 2876 973 2921 Utriculus
999 2888 1321 2931 monospermus
1349 2876 1697 2920 membranaceus
1724 2892 1791 2921 ca-

117 2936 207 2992 lyce
233 2935 436 2979 inclusus.
467 2935 582 2978 Folia
607 2935 799 2992 opposita
825 2934 985 2977 minute
1012 2933 1222 2989 stipulata.
