2021 3235
1008 96 1092 140 5304

213 192 303 234 talis
331 191 468 247 calyce
496 190 623 245 duplo
649 188 933 244 longioribus,
963 185 1139 229 siliculis
1166 185 1611 228 obovato-orbiculatis
1643 191 1707 237 Θ.
1739 186 1791 228 E.
1815 189 1892 229 mi-

210 250 437 292 nutissima.
467 261 531 291 nc.
563 248 670 305 Syst.
705 247 755 299 ΙΙ,
788 261 826 303 p.
859 244 959 288 0257.
991 244 1044 286 E.
1068 244 1358 300 brachycarpa
1384 244 1503 287 Jord.
1535 244 1668 287 Rchb.
1699 244 1829 288 4233.

268 322 369 358 Hab.
394 321 431 356 iu
463 319 614 356 Graecia
639 331 760 366 prope
785 317 960 355 Athenas
997 313 1128 369 (Orph.
1154 316 1212 353 Fi.
1251 314 1318 353 Gr.
1350 327 1430 353 exs.
1466 311 1586 365 912),
1615 318 1719 354 circa
1743 317 1893 365 Byzan-

210 381 302 419 tium
328 377 473 429 (Del),
506 378 543 415 in
582 390 688 425 prov.
717 376 939 415 Caucasicis
966 375 1094 425 (Hohl
1123 372 1287 426 Stevl),
1325 376 1361 411 iu
1397 375 1584 412 Armenia
1621 376 1668 412 ad
1708 376 1892 414 Erzerum

208 439 320 490 (Calv
338 440 376 484 I),
405 440 440 475 in
465 438 580 486 Syria
606 437 653 474 ad
682 437 916 473 Damascum
944 430 1126 487 (Gailll),
1157 434 1297 471 Cilicia
1320 434 1401 483 (Ky
1427 434 1562 482 Suppl.
1583 433 1669 474 547
1686 428 1728 487 ἶ).

263 504 339 543 Ar.
365 504 526 554 Geogr.
562 505 721 551 Europa
743 502 884 540 media.

264 662 320 704 Ε.
338 659 610 716 vulgaris
640 658 726 713 (Dc.
758 655 865 712 Syst.
899 655 952 707 ll,
983 669 1022 711 p.
1045 653 1149 711 356)
1180 653 1289 696 soliis
1317 653 1511 709 oblongis
1538 653 1756 697 sessilibus
1782 654 1893 711 pube

209 722 374 762 ramosa
402 717 579 774 sparsim
608 714 849 772 hispidulis‚
888 713 1037 769 petalis
1066 714 1207 770 calyce
1234 713 1364 768 duplo
1392 712 1679 768 longioribus,
1720 713 1894 756 siliculis

207 774 601 833 oblongo-elliplicis
632 780 695 825 O,
731 772 1064 829 E.9lc1.brescens
1090 771 1208 814 Jord.

266 849 364 885 Hab.
391 848 428 884 iu
463 847 575 884 cultis
600 844 777 892 Byzantii
806 843 946 894 (Auch.
980 854 1064 880 exs.
1101 840 1269 892 5041),
1296 841 1477 881 Thraciae
1502 846 1540 880 et
1565 843 1758 892 Bithyniae
1783 842 1895 894 (siri—

207 901 300 946 seb!
319 905 344 959 ),
371 905 489 955 Cypri
514 918 536 943 a
561 904 655 942 mari
674 914 795 952 usque
821 903 869 940 ad
897 902 1082 939 montium
1101 913 1286 940 cacumen
1314 897 1399 955 (Ky
1425 913 1507 940 exs.
1537 900 1621 942 189
1637 895 1683 953 ἶ),
1708 903 1830 952 Syriae
1846 904 1895 942 ad

208 968 441 1005 Damascum
466 963 649 1013 (Gailll),
679 959 821 1000 Persiae
843 962 1025 1000 australis
1048 962 1097 999 ad
1124 962 1364 1009 Persepolim
1392 955 1516 1010 (Kyl)
1541 968 1578 1000 et
1604 964 1772 1011 probab.
1802 964 1897 1002 ubi-

208 1039 281 1075 que
306 1027 343 1062 in
369 1025 526 1062 ditione.

267 1091 341 1131 Ar.
374 1091 535 1141 Geogr.
571 1091 727 1138 Europa
752 1089 892 1127 omnis.

266 1248 321 1290 E.
356 1245 621 1289 setulosa
648 1242 796 1288 (Boiss.
830 1249 870 1284 et
898 1240 982 1283 Bal.
1014 1240 1161 1297 Diagn.
1192 1240 1281 1283 Ser.
1316 1241 1368 1294 ll,
1396 1241 1445 1294 V,
1474 1256 1516 1298 p.
1548 1240 1623 1299 31)
1661 1241 1771 1285 foliis
1798 1242 1894 1299 pilis

209 1304 472 1361 simplicibus
500 1302 656 1360 sparsis
691 1300 886 1344 setulosis
922 1299 1352 1356 oblongo-rhombeis
1387 1299 1430 1342 in
1465 1300 1668 1357 petiolum
1703 1301 1893 1357 longius-

209 1365 352 1406 culum
370 1361 614 1414 attenuatis,
644 1359 793 1417 petalis
821 1360 963 1416 calyce
991 1358 1080 1414 ⁹272
1100 1360 1168 1415 plo
1185 1358 1467 1415 longioribus,
1497 1358 1672 1402 siliculis
1690 1360 1894 1416 oblongo-

210 1422 440 1465 linearibus
467 1421 668 1476 utrinque
697 1417 924 1461 attenuatis
953 1417 1174 1461 latitudine
1202 1421 1277 1460 sua
1303 1416 1377 1460 3-4
1394 1418 1463 1474 plo
1490 1417 1755 1474 longioribus
1786 1424 1850 1470 Θ.

267 1494 366 1531 Hab.
391 1494 429 1530 in
454 1493 565 1530 cultis
589 1492 711 1538 Syriae
736 1492 840 1528 circa
863 1490 1047 1527 Sidonem
1068 1482 1158 1539 (ΒΗ
1187 1488 1289 1527 Gaill
1305 1482 1351 1540 l).

268 1561 407 1597 Planta
429 1561 477 1598 ab
500 1559 546 1597 E.
570 1558 720 1607 valyarz'
742 1558 845 1606 pube
868 1557 1048 1605 simplici,
1076 1557 1180 1595 foliis
1199 1557 1410 1605 petiolatis,
1437 1556 1599 1595 siliculae
1616 1557 1753 1607 forma,
1779 1559 1827 1596 ab
1851 1557 1892 1595 E.

208 1621 441 1659 Americand
465 1632 529 1658 Do.
545 1633 604 1655 z
618 1618 847 1667 stenocarpd
863 1617 968 1656 Jord.
995 1617 1098 1655 foliis
1117 1617 1328 1666 petiolatis,
1349 1616 1562 1655 seminibus
1582 1617 1619 1654 in
1640 1617 1766 1656 loculo
1783 1622 1893 1667 parte

210 1681 368 1718 dimidia
391 1679 641 1728 paucioribus
664 1679 856 1716 distincta.

264 1838 320 1881 E.
347 1846 729 1890 macrocarpa
758 1833 908 1889 (Boiss.
941 1840 981 1877 et
1007 1833 1151 1876 Heldr.
1183 1833 1333 1889 Diagn.
1364 1832 1453 1875 Ser.
1475 1833 1508 1885 I,
1538 1832 1646 1886 VII-I,
1676 1847 1717 1890 p.
1741 1832 1795 1875 28
1814 1833 1892 1876 sub

208 1894 371 1952 Drabsi)
410 1893 522 1937 foliis
554 1893 651 1950 pilis
685 1892 832 1950 paucis
869 1892 1020 1935 cilialis
1063 1892 1258 1949 oblongis
1301 1892 1565 1935 subdentalis
1609 1893 1651 1934 in
1688 1892 1893 1949 petiolum

207 1954 458 2006 attenuatis,
503 1952 650 2008 petalis
692 1953 833 2009 calyce
874 1951 1081 2009 subtriplo
1117 1950 1410 2007 longioribus,
1448 1950 1623 1994 siliculis
1661 1950 1892 1994 linearibus

208 2012 310 2055 latit.
343 2015 417 2054 sua
445 2010 514 2054 6-7
543 2012 610 2067 plo
636 2010 902 2067 longioribus
934 2016 999 2062 O.

264 2083 363 2119 Hab.
390 2082 426 2118 in
452 2082 616 2119 collibus
642 2080 843 2118 maritimis
869 2080 918 2117 ad
943 2081 1144 2125 meridiem
1168 2080 1344 2129 Smyrnae
1366 2078 1530 2130 (Heldrl
1558 2079 1643 2117 Bal.
1668 2090 1750 2117 exs.
1776 2076 1892 2130 74!).

263 2148 378 2197 Scapi
403 2145 479 2187 54
502 2148 729 2196 pollicares‚
755 2146 917 2185 siliculae
940 2145 1015 2186 5-ss
1040 2148 1165 2185 lineas
1188 2147 1316 2195 longae
1340 2147 1480 2184 lineam
1505 2145 1572 2182 vix
1592 2146 1692 2183 latae.

617 2305 639 2327 ÷÷
671 2305 694 2327 ÷÷
727 2305 750 2326 *ξ
783 2305 954 2344 Siliculae
978 2304 1094 2344 loculi
1117 2306 1190 2344 sub
1214 2301 1275 2343 40
1296 2304 1458 2353 spermi.

266 2448 322 2490 E.
360 2445 691 2501 majuscula
728 2443 904 2500 (Jordan
943 2443 1047 2500 Pug.
1087 2459 1128 2502 p.
1160 2444 1235 2501 11)
1273 2443 1382 2488 foliis
1417 2443 1530 2501 pube
1572 2444 1735 2486 furcata
1770 2443 1894 2486 hirtis

200 2504 392 2558 oblongis
413 2503 612 2553 dentatis,
631 2502 780 2560 petalis
797 2503 936 2560 calyce
955 2502 1164 2561 subtriplo
1181 2502 1470 2559 longioribus,
1493 2501 1669 2546 siliculis
1686 2502 1893 2559 oblongo-

202 2563 395 2620 cllipticis
427 2569 491 2613 O.
523 2562 658 2604 Rchb.
690 2562 717 2604 s.
748 2560 880 2604 4234.

261 2633 360 2670 Hab.
385 2633 422 2669 in
446 2637 575 2668 monte
602 2631 770 2680 Kyllene
795 2630 956 2670 Graeoiae
980 2643 1102 2679 prope
1128 2631 1294 2670 Trikala
1320 2630 1446 2682 (Orph
1462 2631 1513 2683 l),
1538 2642 1662 2680 prope
1686 2630 1892 2680 Smyrnam

202 2692 282 2740 (Ky
307 2691 441 2740 Suppl.
466 2688 599 2740 5801)
623 2694 661 2727 et
683 2691 794 2738 prob.
822 2691 914 2728 alibi
939 2692 977 2729 iu
1007 2691 1169 2729 ditione.

261 2757 553 2805 Congeneribus
578 2757 756 2794 omnibus
776 2756 951 2804 partibus
977 2757 1094 2805 paulo
1120 2756 1262 2805 maj0r.

260 2823 336 2864 Ar.
370 2823 530 2874 Geogr.
565 2824 724 2873 Europa
748 2824 884 2863 omnis.
