2021 3235
1036 133 1120 178 890

296 225 340 277 β.
370 223 662 282 plurijuyum.
694 225 817 269 Paria
851 224 952 270 bina
987 232 1306 282 segmentorum
1333 226 1587 271 inferiorum
1615 229 1750 286 magis
1777 229 1924 273 dissita

239 295 322 324 non
352 289 424 325 aut
448 282 511 324 vix
541 283 817 338 confluentia,
845 285 958 343 calyx
985 285 1127 342 patule
1155 284 1306 327 hirtus.

297 353 398 392 Hab.
420 354 458 390 in
482 355 584 392 valle
608 354 739 392 Karne
766 367 890 404 prope
913 356 1058 393 Erivan
1084 356 1122 392 in
1147 356 1331 393 Armenia
1352 357 1517 395 Rossica
1540 357 1687 404 (Buhse
1703 357 1745 408 l).

297 420 388 459 Haeo
412 421 536 458 forma
561 422 671 471 cujus
689 424 818 471 petala
836 435 911 461 non
937 423 1016 460 vidi
1032 423 1172 461 'habitu
1198 423 1247 460 ad
1275 423 1313 461 E.
1326 425 1566 463 moschatam
1589 425 1743 464 accedit
1764 425 1834 463 sed
1856 425 1924 463 sti-

237 480 341 528 pulis
362 481 593 518 acuminatis
615 482 664 519 ab
690 493 735 519 eo
759 483 888 520 statim
906 482 1170 532 distinguitur.

295 545 372 585 Ar.
405 545 565 597 Geogr.
600 549 740 587 Rossia
764 548 963 588 australis.

293 703 348 746 Ε.
378 704 707 748 Romanum
743 704 816 761 (L.
849 703 917 761 Sp.
949 703 1028 747 951
1070 704 1148 746 sub
1188 703 1395 762 Geranio)
1440 704 1620 762 sparsim
1655 712 1697 749 et
1722 706 1923 763 adpresse

237 760 554 815 albo-hirtum,
584 763 746 816 acaule.
776 762 918 806 radice
946 762 1151 816 verficali,
1180 762 1290 812 foliis
1319 764 1516 807 rosulatis
1543 763 1924 821 oblongo-lanceo-

237 818 330 862 latis
364 819 656 876 pinnatisectis
693 821 923 877 segmentis
958 820 1177 864 sessilibus
1210 822 1578 878 ovato-oblongis
1606 822 1925 879 pinnatilobatis

235 877 399 921 laciniis
425 879 600 921 minutis
626 879 820 936 oblongis
847 879 997 933 acutis,
1026 879 1279 936 pedunculis
1308 880 1567 924 radicalibus
1595 879 1674 924 3-5
1701 881 1836 935 floris,
1867 896 1928 925 se-

236 936 342 993 palis
369 938 549 994 sparsim
577 946 616 980 et
649 938 849 995 adpresse
885 938 1009 982 hirtis
1046 939 1179 981 setnla
1218 937 1464 995 apiculatis‚
1506 939 1656 996 petalis
1690 940 1926 998 aequalibus

235 994 433 1038 violaceis
460 996 742 1040 immaculatis
777 997 915 1054 calyce
949 996 1020 1040 2-3
1051 997 1118 1053 plo
1146 997 1428 1054 longioribus,
1458 998 1654 1056 carpellis
1683 999 1925 1043 albo-hirtis

236 1060 375 1154 ἔξω)
403 1054 625 1111 quintuplo
652 1054 922 1099 brevioribus
959 1063 1020 1104 36.
1052 1055 1105 1098 E.
1134 1055 1376 1099 Romanum
1402 1056 1545 1100 Willd.
1577 1057 1639 1099 Fl.
1670 1058 1804 1101 Graec.
1836 1058 1923 1101 tab.

296 1112 336 1155 4.

292 1183 390 1221 Hab.
417 1183 455 1220 in
479 1185 599 1231 pratis
629 1183 767 1222 Atticae
791 1188 828 1222 et
851 1181 1113 1233 Peloponnesi
1140 1184 1295 1234 (Sibth.‚
1342 1185 1450 1224 herb.
1476 1184 1634 1225 Fauche'
1651 1178 1660 1224 i
1680 1187 1721 1236 )‚
1746 1187 1926 1235 Byzantii

236 1239 418 1296 (Griseb!
438 1244 470 1291 )‚
497 1242 680 1281 Armenia
714 1244 764 1282 ad
802 1244 989 1282 Erzerum
1014 1242 1201 1294 (Calvi),
1241 1244 1358 1293 Syria
1386 1246 1435 1283 ad
1470 1245 1624 1294 Aleppo
1658 1241 1867 1294 (Hausski
1888 1247 1926 1297 )‚

233 1302 424 1350 Tripolim
448 1299 572 1354 (ΒΗ),
599 1302 751 1341 Libano
777 1304 826 1341 ad
851 1303 963 1341 Eden
986 1296 1119 1353 (Bl!),
1149 1304 1376 1343 Antilibano
1402 1304 1556 1355 (Gaitlt
1580 1305 1645 1354 Ky
1672 1317 1755 1344 exs.
1783 1304 1923 1359 1151),

235 1361 294 1399 Fl.
322 1374 429 1401 vere.

293 1426 368 1467 Ar.
395 1428 554 1480 Geogr.
590 1430 713 1479 Regio
747 1430 1035 1469 mediterranea
1060 1431 1240 1480 Europae.

938 1599 961 1622 ‘³‘
994 1600 1016 1622 ἦε
1068 1601 1220 1639 Annua.

528 1727 559 1779 †
589 1731 616 1777 †
648 1729 758 1767 Folia
781 1730 911 1768 omnia
932 1729 1121 1779 pinnatim
1147 1729 1207 1767 vel
1241 1729 1469 1777 bipinnatim
1496 1731 1619 1768 secta.

289 1852 344 1894 E.
372 1852 725 1897 cicutarium
753 1852 818 1909 (L.
846 1852 914 1909 Sp.
947 1851 1002 1896 95
1029 1852 1107 1895 sub
1139 1851 1338 1905 Geranio)
1366 1851 1594 1895 subacaule
1623 1851 1793 1895 tandem
1823 1865 1920 1894 cau-

227 1909 413 1963 lescens,
456 1910 550 1967 pilis
592 1910 869 1968 papillaribus
911 1911 1016 1954 albis
1059 1912 1151 1968 plus
1190 1911 1329 1954 minus
1365 1910 1549 1953 obsitum
1587 1924 1771 1967 superne
1809 1924 1918 1967 saepe

229 1969 544 2024 glandulosnm,
574 1969 682 2012 foliis
709 1970 904 2024 oblongis
930 1969 1222 2027 pinnatisectis
1250 1969 1479 2025 segmentis
1508 1968 1621 2012 7-11
1655 1983 1741 2012 non
1768 1969 1919 2012 decur-

231 2027 422 2070 rentibus
448 2028 579 2071 ovatis
607 2029 816 2086 profunde
843 2029 978 2073 inciso
997 2054 1015 2060 -
1034 2028 1216 2072 dentatis
1233 2064 1242 2081 ,
1280 2027 1445 2085 stipulis
1482 2027 1728 2072 lanceolatis
1768 2027 1917 2081 acutis,

227 2085 377 2142 sepalis
405 2086 590 2130 breviter
617 2087 895 2141 mucronatis,
924 2087 1074 2146 petalis
1102 2086 1290 2131 obovati's
1318 2086 1601 2144 inaequalibus
1629 2086 1762 2145 calyci
1786 2086 1918 2143 aequi-

226 2144 362 2200 longis
392 2146 451 2187 vel
480 2146 744 2202 longioribus
778 2147 1008 2204 purpureis
1047 2160 1176 2205 saepe-
1200 2145 1446 2198 maculatis,
1491 2145 1720 2189 filamentis
1761 2144 1919 2202 glabris

227 2203 471 2247 lanceolatis
513 2205 748 2258 edentulis,
792 2207 1052 2249 valvularum
1094 2204 1269 2249 foveolis
1305 2205 1454 2248 subtus
1496 2204 1605 2261 plica
1649 2203 1920 2247 concentrica

229 2262 380 2316 auctis,
413 2270 548 2306 rostro
577 2264 772 2322 carpellis
800 2263 878 2308 5-6
904 2265 974 2322 plo
1000 2264 1194 2321 longiore
1225 2269 1292 2316 Θ.
1323 2264 1457 2306 Rchb.
1489 2261 1724 2319 fig..4864.

288 2333 387 2371 Hab.
416 2334 452 2370 in
479 2336 627 2383 campis
653 2338 691 2373 et
715 2335 828 2374 cultis
852 2335 970 2373 totius
1006 2334 1166 2373 ditionis
1199 2346 1222 2371 a
1253 2333 1407 2372 Graecia
1438 2333 1486 2372 ad
1513 2333 1703 2372 Arabiam
1727 2332 1916 2370 Petraeam

232 2391 415 2442 (Boiss!)‚
440 2394 613 2431 Persiam
633 2396 861 2433 orientalem
878 2392 1017 2446 (Bge!)
1043 2399 1081 2432 et
1099 2394 1312 2432 australem
1333 2395 1371 2431 in
1393 2393 1530 2432 insulis
1549 2392 1706 2431 Karrak
1729 2396 1766 2430 et
1783 2392 1919 2440 Korgo

233 2451 315 2501 (Ky
341 2464 422 2491 exs.
452 2451 562 2507 158),
592 2454 838 2502 Affghaniam
861 2452 1036 2505 (Griff!)‚
1062 2453 1325 2492 Belutschiam
1349 2451 1573 2505 (Stocksi).
1600 2452 1661 2489 Fi.
1688 2463 1796 2490 vere.

282 2519 554 2568 *Cotyledones
587 2521 792 2560 trilobatae.

291 2586 366 2625 Ar.
399 2587 559 2638 Geogr.
580 2590 753 2639 Europa,
779 2590 912 2629 Africa
930 2591 1031 2637 bor„
1057 2588 1223 2640 Sibiria;
1246 2589 1285 2627 in
1303 2589 1648 2638 temperatioribus
1673 2588 1790 2626 totius
1813 2587 1919 2625 orbis

234 2647 509 2687 introductum.

291 2804 346 2846 Ε.
373 2805 832 2860 Jacquinianum
859 2806 926 2862 (F.
958 2813 996 2849 et
1025 2805 1075 2848 M.
1104 2804 1196 2848 Ind.
1219 2804 1277 2855 lx,
1299 2804 1347 2847 H.
1385 2804 1553 2861 Petrop.
1589 2801 1734 2860 Suppl.
1759 2816 1801 2859 p.
1828 2800 1914 2857 11),

235 2862 419 2905 breviter
447 2865 729 2919 pubescenti-
748 2865 935 2922 griseum
962 2863 1241 2916 viscidulum‚
1271 2863 1463 2906 caulibus
1492 2861 1693 2926 brevibus
1721 2873 1917 2925 procurri-

236 2921 458 2970 bentibus,
503 2923 611 2966 foliis
647 2923 841 2977 oblongis
877 2922 1127 2967 tenuissime
1163 2921 1501 2981 bipinnatisectis
1538 2920 1694 2985 lobults
1733 2931 1917 2964 minimis
