2021 3235
1007 209 1036 252 4

177 303 283 361 palis
322 302 629 347 lutescentibus
669 301 1126 357 oblongo-lanceolatis
1167 301 1282 346 intus
1323 300 1600 358 tomentosis,
1643 304 1871 350 filamentis

177 362 328 406 ciliatis
356 361 474 419 apice
497 359 768 404 filisormibus
785 359 926 403 nudis.
947 385 1006 392 -
1032 360 1089 404 Ic.
1119 360 1214 404 Dill.
1245 360 1356 405 Elth.
1386 368 1415 406 t.
1447 361 1551 418 119,
1578 363 1652 420 fig.
1683 363 1784 408 145.

234 437 336 475 Hab.
362 437 400 473 in
423 436 604 483 virgultis
622 435 758 472 insulae
775 434 909 473 Tenos
932 434 1147 483 Cycladum
1171 435 1475 489 (Despreauxl),
1498 437 1694 487 Bithyniae
1713 436 1860 491 (Sest.),

175 496 371 534 Armeniae
407 494 570 548 (Tchih!
595 493 750 544 Calv!),
770 494 956 531 montium
974 494 1075 533 inter
1097 494 1259 533 Malatia
1279 500 1317 533 et
1333 496 1490 546 Karput
1510 496 1748 550 (Haussk!)‚
1767 497 1863 538 Cau-

176 557 256 594 casi
279 567 389 603 prOV.
416 553 592 602 Talysch
615 552 783 603 (Hohl),
807 553 953 591 Persiae
973 554 1060 592 bor.
1082 554 1233 604 (Szowl
1260 554 1391 594 Buhse
1408 558 1416 593 !
1435 556 1562 595 Auch.
1588 568 1672 595 exs.
1691 555 1867 610 40252),

173 614 403 652 Khorassan
426 612 616 664 (Bungl),
639 611 859 661 Affghaniae
883 610 1013 663 (Griff.
1038 624 1121 652 eXS.
1147 612 1308 666 15811)
1334 619 1373 654 et
1396 615 1633 655 Belutschiae
1660 616 1821 668 (Stocks
1841 617 1869 669 l)

172 673 231 712 Fl.
254 675 318 712 fin.
345 677 428 711 aest.

232 742 369 779 Variat
384 741 597 789 segmentis
616 739 798 778 foliorum
812 741 1132 789 ovato-oblongis
1155 742 1219 780 vel
1242 742 1647 783 lineari-lanceolatis.
1672 744 1868 794 C.9lauca

172 801 235 839 W.
262 812 309 838 ex
334 800 479 839 Sibiria
510 800 576 837 vix
605 799 736 837 differt
758 799 973 848 segmentis
997 800 1248 852 subintegris,
1277 802 1423 851 sepalis
1457 803 1561 842 intus
1588 804 1866 853 glabr-iusculis

173 864 211 899 et
232 865 292 898 est
315 861 426 909 prob.
452 859 537 909 ejus
559 859 686 897 forma
711 858 899 898 borealis.

227 933 275 986 β.
321 930 642 988 lonyecaudata.
684 929 1013 987 Segmentorum
1047 931 1134 975 lobi
1172 932 1567 990 oblongo-lineares
1609 935 1864 993 subintegri,

170 990 317 1033 caudae
335 990 620 1047 carpellorum
644 989 877 1046 longiores.
912 988 961 1033 C.
984 990 1304 1047 lonyecaudata.
1336 992 1436 1036 Led.
1457 993 1519 1037 Fl.
1549 994 1670 1038 Ross.
1702 994 1737 1050 Ι,
1755 1009 1798 1052 p.
1819 994 1862 1039 3.

229 1061 332 1100 Hab.
358 1061 398 1098 in
422 1060 690 1099 Turkestania
712 1071 837 1110 prope
860 1059 1107 1099 Samarkand
1129 1060 1317 1114 (Lehm.).

169 1125 305 1239 ThAjn
332 1126 496 1177 Geogr.
528 1127 653 1175 Regio
678 1127 896 1177 Aralensis,
925 1126 1129 1175 Songaria.
1161 1128 1274 1166 India
1305 1129 1390 1168 bor.
1426 1130 1550 1170 occid.
1583 1127 1648 1183 (ex
1680 1129 1799 1170 Hook
1825 1136 1864 1170 et

228 1321 283 1365 C.
317 1320 630 1364 flammula
670 1319 733 1375 (L.
778 1318 848 1376 Sp.
889 1317 991 1376 766)
1019 1320 1138 1362 caule
1172 1320 1430 1375 scandente,
1458 1319 1569 1364 foliis
1601 1321 1761 1377 glabris
1796 1321 1863 1365 bi-

169 1377 463 1436 pinnatisectis
489 1377 720 1434 segmentis
739 1377 872 1421 ovatis
898 1378 963 1421 vel
989 1377 1183 1434 oblongis
1201 1378 1381 1435 integris
1398 1378 1667 1437 trilobisque,
1685 1380 1864 1424 floribus

169 1437 440 1494 paniculatis,
478 1437 632 1494 sepalis
668 1436 774 1480 albis
810 1436 1005 1493 oblongis
1032 1437 1219 1492 obtusis,
1247 1437 1475 1482 filamentis
1508 1437 1683 1494 glabris.
1705 1465 1762 1472 —
1801 1439 1859 1483 Ic.

169 1496 303 1540 Rchb.
333 1494 464 1539 4666.

228 1568 330 1606 Hah.
357 1568 396 1605 in
414 1568 573 1616 sepibus
597 1567 776 1606 Albaniae
802 1570 841 1605 et
864 1566 1105 1606 Macedoniae
1131 1566 1291 1618 (Griseb
1308 1567 1335 1618 !)
1359 1566 1545 1606 Laconiae
1573 1567 1769 1621 (Heldrl),
1793 1568 1862 1605 Za·

171 1627 304 1675 cynthi
328 1622 511 1682 (Margi)
546 1626 712 1666 Caucasi
736 1625 808 1677 (M.
832 1623 919 1679 Β.>,
943 1626 1066 1676 Syriae
1089 1627 1272 1665 littoralis
1304 1630 1343 1664 et
1366 1627 1577 1666 Palestinae
1605 1627 1725 1678 (Gaill
1742 1627 1778 1678 l)
1802 1627 1861 1665 Fl.

170 1690 253 1726 aest.

227 1752 274 1806 β.
295 1750 534 1793 maritima.
578 1748 806 1806 Segmenta
834 1748 1001 1793 minora
1028 1748 1164 1792 incisa
1195 1748 1304 1792 lobis
1337 1749 1586 1793 linearibus.
1619 1749 1752 1793 Rchb.
1800 1749 1858 1792 Ic.

169 1806 284 1852 4666
311 1830 337 1872 y
365 1815 405 1852 Gt
433 1811 472 1853 ὃ.

230 1881 331 1920 Hab.
357 1881 396 1918 in
418 1879 570 1918 Libano
598 1878 738 1930 (Gailll
763 1879 827 1928 Ky
843 1879 870 1930 l)

227 1946 304 1988 Ar.
324 1946 486 1998 Geogr.
510 1947 636 1995 Regio
662 1946 794 1985 medit.
818 1946 988 1994 Europae
1012 1947 1050 1983 et
1066 1944 1211 1983 Africae
1235 1944 1318 1982 bor.

241 2096 296 2140 C..
334 2093 578 2139 vitalba.
626 2091 686 2147 [L.
729 2089 799 2147 Sp.
846 2087 948 2146 766)
976 2089 1095 2132 caule
1129 2087 1383 2141 scandente,
1420 2086 1531 2130 foliis
1567 2086 1861 2144 pinnatisectis

167 2153 399 2209 segmentis
427 2166 449 2195 e
475 2150 567 2194 basi
609 2148 865 2194 subcordata
891 2145 1286 2192 ovato-acuminatis
1313 2159 1461 2201 grosse
1499 2152 1541 2189 et
1577 2153 1741 2190 remote
1769 2160 1860 2190 ser-

168 2211 271 2255 ratis
299 2211 438 2254 rarius
465 2208 662 2266 integris,
690 2206 870 2251 ssoribus
896 2205 1166 2264 paniculatis,
1195 2204 1348 2262 sepalis
1379 2204 1485 2248 albis
1517 2204 1712 2261 oblongis
1736 2205 1860 2249 obtu-

168 2270 224 2314 sis
250 2270 452 2328 utrinque
480 2267 746 2322 tomentosis,
774 2265 1003 2309 filamentis
1029 2264 1204 2322 glabris.
1234 2289 1293 2296 —
1319 2263 1378 2307 Ic.
1417 2262 1553 2307 Rchb.
1589 2262 1722 2307 4667.

226 2342 329 2382 Hab.
362 2342 401 2379 in
440 2340 599 2389 sepibus
633 2342 672 2378 et
701 2337 904 2388 sylvaticis
938 2336 1119 2376 Thraciae
1155 2335 1284 2386 (Friv.
1306 2334 1340 2385 l)
1374 2333 1538 2373 Graeciae
1583 2335 1622 2373 in
1656 2336 1857 2386 montosis,

167 2400 338 2452 Achaia(
361 2399 555 2439 Reinhold
569 2398 596 2449 1)
622 2399 817 2436 Parnasso
844 2395 967 2450 (Orph
990 2396 1032 2447 1),
1056 2395 1183 2435 insula
1210 2394 1334 2433 Melos
1363 2393 1492 2445 (herb.
1525 2393 1705 2433 Fauchel
1733 2395 1857 2434 Ponto

166 2462 217 2499 ad
256 2460 510 2499 Cerasuntem
536 2457 677 2512 (Tchih
689 2458 731 2509 1),
755 2456 904 2495 Tauria
933 2459 970 2494 et
994 2456 1170 2496 Caucaso
1196 2453 1265 2505 (M.
1289 2452 1375 2504 B.),
1402 2452 1519 2503 Syria
1541 2453 1702 2493 littorali
1725 2454 1857 2506 (Blan-

169 2521 261 2559 chel
302 2520 362 2559 Fl.
386 2521 451 2557 fin.
475 2522 559 2557 aest.

224 2518 277 2647 β.)
315 2590 515 2647 Syriaca.
560 2586 678 2632 Folia
713 2584 968 2644 regulariter
995 2590 1036 2628 et
1060 2583 1315 2643 profundius
1350 2589 1529 2627 serrata.
1560 2582 1750 2641 Carpella
1775 2581 1856 2626 mi-

167 2663 275 2694 nora
302 2648 571 2693 convexiora.

225 2722 328 2760 Hab.
357 2721 396 2759 in
418 2719 577 2769 sepibus
594 2718 645 2756 ad
668 2716 823 2766 Tripoli
847 2715 971 2765 Syriae
997 2712 1055 2768 (Bl
1074 2712 1111 2767 l).
1137 2713 1299 2753 Fructif.
1324 2716 1475 2752 tantum
1499 2712 1591 2752 vidi.

227 2787 303 2828 Ar.
326 2787 490 2838 Geogr.
516 2787 676 2836 Europa
697 2787 780 2824 tota
803 2783 934 2822 media
958 2785 997 2821 et
1019 2782 1215 2821 australis.
1240 2781 1376 2821 Africa
1400 2781 1484 2820 bor.

228 2934 283 2978 C.
310 2933 486 2990 grata
513 2928 655 2987 (Wall.
685 2927 730 2971 in
753 2927 876 2971 Hook
902 2932 942 2971 et
968 2926 1044 2970 Th.
1075 2926 1136 2969 Fl.
1169 2925 1261 2969 lnd.
1285 2925 1300 2968 Ι
1327 2939 1370 2983 p.
1403 2926 1445 2983 1)
1465 2925 1584 2968 caule
1608 2924 1855 2978 scandente,

168 2990 279 3036 soliis
319 2987 613 3048 pinnatisectis
649 2986 881 3044 segmentis
929 2998 952 3028 e
999 2983 1091 3030 basi
1133 2983 1306 3029 cordata
1346 2985 1428 3028 late
1463 2983 1597 3028 ovatis
1630 2983 1782 3027 crebre
1818 2989 1859 3025 et
