2021 3235
917 82 1002 125 365

113 172 323 216 edentula.
354 170 526 213 Silicula
554 169 821 212 biarticulata
840 185 1278 230 compresso-anceps,
1300 177 1477 220 articulo
1501 180 1689 222 inlrriori
1710 190 1796 224 lur-

113 230 256 273 binato
284 229 400 286 apice
428 234 622 271 truncato
649 228 902 271 uniloculari
932 230 1093 273 semine
1121 232 1265 285 unico,
1287 235 1464 278 articulo
1482 239 1691 293 superiori
1710 242 1799 283 uni-

112 288 286 331 loculari
317 300 614 343 monospermo
642 286 803 329 semine
841 295 998 330 erecto.
1043 289 1202 345 Stigina
1240 293 1398 335 sessile.
1445 294 1720 352 Cotylodomffs
1749 299 1796 340 li-

111 361 261 390 neares
288 346 666 388 accumbentes.—
682 345 834 388 Herbae
863 347 1020 401 glabr-[e
1040 362 1191 391 annuae
1222 363 1412 394 carnosae
1441 354 1663 398 maritime
1692 357 1798 400 foliis

113 404 293 449 dentatis
320 406 381 447 vel
408 403 609 460 pinnatis,
640 403 817 446 floribus
850 405 1001 460 pallide
1029 408 1090 449 vel
1118 407 1264 450 roseis.

173 473 226 516 C.
254 472 558 515 maritima
587 470 727 527 (Scop.
760 469 883 513 Carn.
916 472 969 514 NO
997 471 1099 529 844)
1129 473 1238 516 loliis
1267 476 1528 531 pinnatifidis
1556 480 1720 524 laciniis
1747 483 1796 524 li-

115 530 316 573 nearibus
355 529 532 582 obtusis,
577 528 756 572 articulo
798 529 991 573 inferiori
1033 531 1207 574 siliculre
1250 534 1368 589 apice
1398 537 1551 593 saepius
1581 538 1797 584 bidentato

116 588 326 646 superiori
355 587 575 631 ensiformi
607 593 674 639 Θ.
706 588 839 630 Rchb.
871 588 898 630 s.
931 588 1060 632 4158.

173 661 273 699 Hab.
297 661 334 697 in
357 660 534 697 arenosis
556 660 761 698 maritimis
786 661 903 697 maris
926 661 1203 699 Mediterranei
1231 668 1268 700 et
1293 665 1433 702 Euxini
1461 668 1560 717 (ΜΒ.
1591 670 1775 722 Bourgl)

171 726 216 779 β.
247 722 530 779 inteyrisolia.
561 721 679 765 Folia
705 722 887 778 oblonga
916 722 1095 766 indivisa
1124 723 1292 780 integra
1319 729 1381 770 vel
1419 729 1799 776 sinuato—dentata.

174 794 273 904 Hap).
300 793 339 830 in
364 792 541 840 AEgypto
571 793 621 829 ad
654 792 934 830 Alexandriam
959 789 1125 847 (Samar
1144 793 1152 830 !
1173 794 1211 844 )‚
1238 797 1276 832 in
1305 798 1456 835 Euxino
1493 800 1541 836 ad
1580 800 1802 840 Moeotidem

118 852 228 904 (Stev
244 885 252 892 .
275 881 283 890 .

177 917 252 957 Ar.
283 917 445 968 Geogr.
480 919 640 968 Europa
662 918 807 968 omnis,
833 917 968 957 Africa
991 919 1174 956 borealis.

765 1067 786 1089 ⁹⁶
821 1068 843 1089 ²
876 1068 1160 1108 Notorrhizeae.

837 1188 1090 1238 ERUCARIA

396 1270 566 1331 (Gaertn.
603 1268 725 1330 Garp.
773 1268 833 1325 ll,
870 1284 908 1330 p.
955 1269 1061 1326 298,
1093 1270 1173 1318 tab.
1208 1271 1314 1329 143,
1351 1272 1418 1333 ῆς).
1462 1274 1522 1332 9).

178 1404 301 1462 Calyx
329 1410 494 1446 erectus
521 1402 610 1445 basi
641 1404 831 1460 aequalis.
870 1404 1008 1447 Petala
1047 1405 1225 1447 obovata
1251 1406 1541 1462 unguiculata.
1574 1408 1807 1453 Filamenla

122 1463 333 1506 edentula.
374 1460 537 1518 Siliqua¹
568 1461 838 1505 biarticulata
876 1462 1012 1506 tenuis
1049 1464 1227 1507 articulo
1255 1464 1447 1509 inferiori
1475 1467 1594 1509 tereti
1623 1468 1803 1523 longiori

121 1521 486 1578 longitudinaliter
512 1520 735 1563 biloculari
762 1521 913 1564 bivalvi
942 1522 1176 1565 seminibus
1204 1522 1246 1564 in
1270 1524 1408 1567 loculo
1425 1524 1495 1567 2-ss
1514 1526 1725 1582 pendulis,
1745 1541 1807 1569 ar-

120 1580 250 1624 ticulo
277 1579 487 1636 superiori
514 1579 794 1623 indehiscenti
823 1581 997 1635 globoso
1023 1582 1085 1623 vel
1113 1588 1294 1625 rostrato
1322 1583 1539 1626 ensiformi
1559 1584 1715 1627 locellis
1736 1584 1806 1628 1-3

122 1639 399 1696 superpositis
425 1637 659 1682 seminibus
688 1638 731 1681 in
757 1640 905 1682 locello
934 1639 1133 1682 solitariis
1160 1641 1325 1684 erectis.
1362 1641 1634 1699 Cotyledones
1661 1657 1805 1686 conca-

123 1698 322 1741 viusculae
352 1697 563 1755 replicatae
591 1697 709 1754 apice
736 1697 952 1740 interdum
969 1698 1312 1743 subeircinnatae.
1328 1727 1374 1731 —-
1392 1700 1545 1744 Herbae
1563 1715 1716 1744 annuae
1736 1716 1803 1744 ra-

122 1770 251 1800 mosae
278 1756 389 1800 foliis
416 1755 737 1813 pinnatisectis‚‚
754 1756 935 1800 floribus
961 1756 1175 1800 violaceis.

181 1890 237 1933 Ε.
270 1889 551 1944 Aleppica
577 1888 764 1945 (Gaertn.
796 1891 876 1933 loc.
908 1890 1002 1947 cit.)
1040 1891 1327 1947 glabriuscula
1364 1892 1487 1944 elata,
1517 1891 1713 1936 soliorum
1741 1894 1805 1937 in-

123 1947 331 1991 feriorum
365 1946 531 1990 laciniis
567 1947 800 1992 linearibus
835 1950 899 1992 vel
926 1949 1119 2005 oblongis
1146 1949 1407 2006 pinnatifidis
1434 1950 1703 2005 superiorum
1731 1967 1806 1996 an-

123 2005 300 2063 gustatis
327 2005 532 2061 elongatis
560 2005 755 2063 integris,
794 2007 943 2064 petalis
979 2008 1119 2065 calyce
1154 2008 1281 2064 duplo
1308 2007 1588 2063 longioribus,
1628 2012 1807 2054 racemis

124 2064 355 2108 fructiferis
382 2063 588 2120 elongatis
615 2065 774 2119 densis,
804 2065 968 2124 siliquis
987 2066 1142 2109 strictis
1161 2066 1339 2109 articulo
1357 2066 1558 2109 inferiore
1576 2068 1808 2125 cylindrico

124 2125 392 2181 polyspermo
419 2123 640 2179 superiore
667 2124 862 2168 breviore
896 2124 1333 2182 oblongo-cylindrico
1361 2124 1629 2178 subcarinato
1658 2141 1805 2174 mono-

127 2196 296 2239 spermo
332 2182 383 2225 ad
416 2195 562 2224 semen
597 2182 942 2239 substrangulato
984 2182 1026 2225 in
1070 2185 1221 2241 stylum
1249 2183 1493 2225 subulatum
1521 2184 1805 2241 aequilongum

126 2240 300 2284 abeunti
331 2246 376 2292 Θ
421 2239 543 2283 Vent.
588 2240 694 2284 Cels.
734 2242 820 2285 tab.
852 2241 921 2284 64.
967 2241 1102 2285 Sibth.
1134 2242 1194 2284 Fl.
1225 2241 1356 2284 Graec.
1403 2241 1485 2283 tab.
1518 2241 1615 2284 649.
1654 2243 1810 2302 Sinapi

131 2298 322 2343 Graecum
360 2299 518 2342 Tourn.
563 2299 664 2357 Voy.
699 2299 732 2354 1,
760 2314 801 2357 p.
833 2299 916 2343 257
959 2300 1015 2343 Ic.
1050 2299 1388 2356 Cordylooarpus
1421 2300 1639 2356 loevz'yalus
1663 2303 1804 2347 Willd.

126 2357 194 2415 Sp.
227 2357 302 2411 111,
328 2371 370 2414 p.
402 2354 502 2399 563.
533 2357 759 2401 Didas-mus
780 2359 991 2415 pinnatus
1018 2359 1179 2402 Russell
1205 2357 1377 2401 Schrad.
1397 2357 1546 2400 Journ.
1572 2359 1619 2412 l,
1646 2375 1687 2417 p.
1722 2361 1807 2405 4026

128 2430 177 2459 ex
203 2430 317 2474 spec.
348 2415 567 2473 archetyp.
598 2416 721 2460 herb.
754 2417 939 2461 Bancks!

186 2487 286 2524 Hab.
311 2486 351 2523 in
374 2486 568 2523 ruderatis
591 2487 733 2525 Atticae
762 2492 798 2524 et
828 2486 1030 2535 Argolidis
1056 2483 1225 2534 (Sprunl
1254 2486 1368 2524 Boiss
1386 2477 1441 2535 l),
1468 2485 1593 2524 Cretae
1617 2482 1807 2541 (Sibth!)3

129 2545 342 2583 insularum
363 2543 618 2593 Archipelagi
646 2545 753 2598 (UrV.
790 2545 1010 2595 Tournef.)‚
1048 2545 1170 2594 Syriae
1212 2546 1260 2582 ad
1297 2545 1490 2592 Aleppum
1517 2546 1662 2594 (Russl
1690 2546 1804 2587 Oliv!

128 2599 343 2658 Hausskl),
377 2604 428 2641 ad
460 2602 699 2643 Laodiceam
725 2599 940 2659 (Gadet!)‚
972 2606 1010 2642 in
1049 2604 1254 2642 Palaestina
1281 2597 1469 2658 (Roth!)‚
1496 2604 1641 2643 Arabia
1665 2609 1809 2653 petraea

131 2663 323 2713 (Boissl).
349 2663 408 2701 ΡΙ.
432 2673 538 2700 vere.

191 2732 338 2781 Siliqua
361 2729 444 2771 5-6
466 2730 590 2771 lineas
614 2730 746 2780 longa.

189 2797 234 2849 β.
261 2796 488 2853 puberula.
519 2795 623 2839 Tota
647 2797 791 2854 planta
816 2795 1067 2853 pubescens.

192 2866 292 2904 Hab.
315 2865 354 2903 in
378 2865 585 2904 Palaestina
609 2866 708 2904 inter
732 2865 1046 2913 Hierosolymam
1069 2867 1107 2902 et
1127 2862 1284 2902 Jerioho
1317 2863 1445 2916 (Boiss
1460 2862 1504 2911 1).
