2021 3235
1013 167 1099 210 114

266 248 368 286 Hab.
392 247 574 296 frequens
597 248 636 284 in
660 246 903 294 rupestribus
934 249 972 284 et
995 246 1109 285 cultis
1142 245 1357 283 Antilibani
1382 244 1431 281 ad
1465 244 1673 293 Rascheya
1694 244 1824 294 (Boiss
1840 242 1849 282 !
1866 245 1892 293 ),

207 307 379 345 Zebdani
400 306 493 355 (Ky.
519 318 600 345 exs.
628 305 676 345 11
697 306 744 355 !)‚
772 306 1010 344 Damascum
1029 305 1147 356 (Gaill
1163 297 1171 342 !
1190 303 1218 356 ),
1246 304 1296 341 ad
1321 303 1484 353 Argana
1506 304 1673 341 Maaden
1701 304 1895 342 Armeniae

210 365 319 405 herb.
347 366 501 404 Vindob
519 364 559 418 !)‚
586 366 647 404 Fl.
670 367 828 404 ineunte
853 368 935 403 aest.

269 433 499 471 Indumento
536 433 729 480 notabile,
768 431 1007 480 semipedale
1038 430 1162 468 rarius
1202 429 1365 480 pedale,
1401 430 1532 477 petala
1556 430 1612 467 eis
1653 429 1698 468 P.
1725 431 1898 469 rhaeadis

211 493 336 542 magis
359 493 410 530 ad
433 492 591 530 rubrum
613 492 828 539 vergentia.

266 557 311 609 β.
345 556 613 597 inornatum.
658 553 837 610 Capsula
873 551 1104 595 turbinata.
1144 550 1197 593 P.
1239 550 1491 594 inornatum
1532 550 1677 595 Schott
1716 552 1892 596 OEsterr.

209 614 447 657 Wochenb.
469 613 536 666 IV,
565 626 605 669 p.
637 611 737 655 233.

269 685 370 722 Hab.
394 685 433 721 in
455 683 587 721 Tauro
612 682 772 721 Cilicico
799 679 995 731 (Kotschy
1010 677 1050 731 !)‚

270 846 327 888 P.
359 845 708 900 laeviqatum
751 840 860 898 (ΜΒ.
911 840 1039 882 Taur.
1077 839 1200 882 Cauc.
1248 839 1326 892 Ill,
1367 855 1408 896 p.
1453 838 1557 897 364)
1600 841 1797 896 glabrum
1834 843 1897 885 vel

212 916 337 960 parce
364 903 625 954 setulosum,
664 899 776 943 foliis
817 898 1150 955 pinnatipartitis
1191 898 1444 942 radicalium
1486 899 1650 942 laciniis
1677 900 1809 944 ovatis
1833 902 1897 944 vel

212 962 405 1018 oblongis
444 960 633 1010 obtusis,
676 958 829 1015 sepalis
871 970 998 1014 parce
1040 956 1261 1009 setulosis,
1299 958 1449 1015 petalis
1491 957 1666 1001 minutis
1708 959 1897 1002 obovatis

212 1020 440 1077 purpureis
467 1019 621 1075 saepius
649 1016 885 1069 maculatis,
916 1015 1104 1058 antheris
1131 1015 1318 1059 breviter
1343 1017 1494 1071 ovatis,
1523 1018 1694 1074 capsula
1721 1017 1811 1061 basi
1840 1025 1897 1061 at-

213 1082 382 1122 tenuata
429 1078 645 1121 turbinata
685 1077 749 1118 vel
790 1075 1160 1130 oblongo-clavata
1201 1074 1318 1118 disco
1360 1075 1708 1129 convexiusculo,
1753 1077 1892 1133 stigm.

211 1136 313 1180 8-10
344 1143 410 1189 Θ.
447 1136 498 1179 P.
534 1135 714 1178 dubium
747 1148 839 1177 var.
874 1134 1120 1190 loeviyatum
1146 1133 1234 1176 Elk.
1269 1134 1378 1177 Mon.
1419 1149 1460 1191 p.
1497 1133 1566 1177 25.
1600 1135 1713 1178 Icon.
1761 1135 1892 1178 Rchb.

211 1197 240 1239 f.
271 1195 385 1239 4478
414 1195 463 1238 ad
492 1195 545 1237 P.
576 1194 758 1236 dubium
784 1192 924 1250 potius
951 1199 1126 1249 spectat.

271 1268 374 1306 Hab.
404 1267 441 1304 in
466 1266 580 1304 cultis
603 1263 766 1303 Graeciae
803 1265 841 1301 in
874 1264 1001 1302 insula
1034 1263 1179 1302 Salami
1204 1262 1392 1316 (Heldrl),
1420 1264 1614 1302 Armeniae
1638 1265 1687 1302 ad
1713 1265 1898 1304 Erzerum

214 1326 359 1377 (Auch.
385 1337 467 1365 exs.
494 1323 600 1365 575!
627 1317 769 1378 Oalvl)
796 1328 834 1362 et
857 1324 908 1362 ad
930 1321 1241 1362 Gumuchkhane
1270 1318 1474 1376 (Bourgl),
1498 1323 1665 1363 Caucasi
1701 1328 1740 1363 et
1779 1337 1894 1374 prov,

214 1386 638 1425 Transcaucasicarum
675 1382 772 1436 (ΜΒ.
798 1377 1002 1435 C.A.M!)‚
1028 1383 1173 1421 Persiae
1197 1384 1368 1422 borealis
1394 1388 1432 1422 et
1465 1384 1602 1422 mediae
1640 1382 1784 1436 (Auch.
1818 1397 1899 1424 exs,

209 1444 318 1487 568!
340 1443 484 1486 4046!
514 1445 591 1493 Ky.
617 1456 700 1483 exs.
723 1436 796 1483 24!
826 1445 896 1482 sub
925 1445 971 1482 P.
1004 1439 1222 1498 Decaisnez')
1249 1447 1288 1482 et
1319 1456 1443 1492 prope
1466 1443 1574 1482 Yezd
1597 1437 1775 1494 (Buhsel,
1811 1457 1896 1493 spe—

212 1506 353 1545 cimina
374 1505 613 1554 incompleta
638 1517 660 1541 a
685 1516 744 1541 me
770 1504 878 1552 prius
902 1517 987 1553 pro.
1016 1505 1058 1543 P.
1087 1504 1328 1554 pinnatisz'do
1355 1503 1475 1541 Moris
1500 1502 1660 1556 habita).
1686 1504 1745 1542 Fl.
1769 1507 1851 1542 aest.

265 1575 402 1613 Flores
423 1586 492 1612 eos
519 1574 561 1612 Ρ.
585 1584 815 1622 aryemones
838 1584 914 1611 non
938 1576 1183 1622 superantes.
1208 1571 1380 1621 Capsula
1400 1572 1643 1621 longitudine
1667 1573 1807 1611 variat.

269 1749 326 1792 P.
360 1746 922 1792 chelidoniaefolium
951 1745 1101 1802 (Boiss.
1134 1752 1175 1788 et
1207 1744 1344 1788 Buhse
1382 1743 1502 1787 Aufz.
1540 1757 1580 1801 p.
1622 1742 1696 1797 M,
1728 1742 1813 1786 tab.
1853 1741 1896 1796 3,

212 1807 284 1863 fig.
318 1806 361 1862 1)
405 1805 551 1849 setulis
591 1805 792 1848 tenuibus
825 1805 992 1848 inferne
1024 1804 1179 1861 patulis
1216 1817 1399 1861 superne
1441 1802 1655 1859 adpressis
1696 1801 1897 1855 obsitum,

213 1866 332 1909 caule
359 1864 506 1921 gracili
535 1864 645 1907 elato
672 1877 868 1916 ramoso,
897 1863 1008 1907 foliis
1035 1863 1181 1920 lyratis
1210 1861 1442 1919 segmentis
1478 1861 1725 1904 lateralibus
1762 1859 1900 1903 utrin-

212 1938 295 1981 que
323 1923 396 1966 1-2
423 1922 679 1966 distantibus
705 1923 845 1979 parvis
871 1922 1003 1965 ovatis
1029 1922 1180 1965 obtuse
1198 1921 1381 1964 crenatis
1408 1920 1622 1963 terminali
1650 1920 1782 1962 multo
1809 1933 1901 1962 ma-

209 1982 313 2040 jori,
335 1982 486 2039 petalis
514 1980 680 2035 rubris,
716 1981 906 2024 antheris
949 1980 1106 2033 ovatis,
1136 1981 1309 2037 capsula
1351 1979 1538 2022 breviter
1579 1979 1756 2022 obovaia
1797 1976 1901 2020 disci

214 2041 356 2084 crenis
382 2039 687 2094 obtusissimis,
716 2039 857 2097 stigm.
889 2038 915 2082 6
946 2045 1013 2092 O.

273 2111 374 2149 Hab.
397 2110 436 2147 in
471 2122 582 2158 prov,
613 2108 756 2147 Ghilan
782 2109 928 2149 Persiae
951 2110 1037 2148 bor.
1065 2109 1114 2147 ad
1148 2108 1401 2147 Labidschan
1422 2110 1461 2145 et
1482 2106 1609 2146 Recht
1635 2105 1834 2157 (Buhse!)‚
1864 2106 1904 2143 in

215 2182 326 2219 prow
357 2170 618 2207 Mazanderan
643 2180 768 2217 prope
791 2168 965 2207 Aschref
985 2166 1204 2220 (Bunge!).
1230 2168 1290 2207 Fl.
1315 2178 1421 2206 vere.

274 2238 571 2287 Sesquipedale,
593 2237 688 2276 folia
704 2237 896 2275 radicalia
918 2234 993 2277 4-5
1011 2236 1216 2285 pollicaria
1238 2237 1329 2275 lobo
1346 2229 1553 2274 'terminali
1576 2233 1665 2283 plus
1690 2245 1806 2283 quam
1822 2233 1905 2282 pol-

216 2297 345 2346 licari,
371 2299 488 2336 flores
526 2297 583 2335 eis
620 2295 665 2334 P.
699 2297 868 2336 rhaeadis
892 2296 1062 2335 minores
1086 2296 1123 2333 in
1159 2296 1358 2334 alabastro
1390 2295 1515 2333 solum
1542 2293 1754 2332 observati.
1781 2291 1902 2341 Caps.

218 2358 378 2406 magnit.
402 2357 445 2395 P.
478 2356 708 2395 conmutati.

598 2499 644 2546 ><
691 2500 735 2546 ><
776 2495 886 2536 Disci
914 2507 1040 2536 crenae
1063 2495 1165 2534 inter
1190 2507 1233 2533 se
1259 2494 1466 2534 distinctae.

278 2635 335 2677 P.
369 2634 746 2677 turbinatum
788 2632 875 2689 (nc.
921 2631 1027 2690 Syst.
1072 2630 1105 2683 I,
1149 2644 1191 2687 p.
1235 2629 1315 2687 64)
1351 2629 1707 2672 albo-setulosum
1744 2641 1766 2670 e
1802 2627 1909 2670 collo

222 2691 486 2745 multicaule,
514 2691 706 2734 caulibus
733 2690 906 2748 pumilis
933 2688 1298 2746 subsimplicibus,
1328 2687 1439 2731 foliis
1458 2687 1502 2729 in
1528 2686 1705 2730 lacinias
1731 2691 1910 2742 anguste

221 2750 407 2793 lineares
441 2750 505 2793 vel
528 2750 751 2807 <oblongas
783 2749 957 2792 obtusas
993 2747 1352 2805 pinnatipartitis,
1392 2745 1545 2802 sepalis
1576 2759 1704 2802 parce
1742 2743 1908 2797 setosiS,

222 2809 374 2866 petalis
401 2807 730 2852 suborbiculatis
767 2807 1020 2865 purpureis,
1050 2805 1242 2849 antheris
1276 2805 1462 2848 breviter
1503 2803 1637 2848 ovatis
1669 2801 1908 2861 apiculatis,

224 2868 394 2924 capsula
421 2866 860 2920 obovato-turbinata,
896 2865 1036 2922 stigm.
1069 2863 1145 2907 7-8
1167 2870 1234 2916 Θ.

282 2939 383 2977 Hab.
407 2939 507 2977 inter
530 2938 696 2987 Bagdad
719 2942 760 2976 et
780 2936 1060 2977 Kermanchah
1081 2935 1201 2986 (oliv.
1228 2938 1266 2974 et
1286 2935 1394 2985 Brug
1410 2927 1420 2973 Ι
1435 2928 1464 2990 ).
