2021 3235
985 149 1042 194 54

228 242 275 281 R.
302 242 519 340 nodgslflorzs
541 241 630 282 huic
653 242 780 282 affinis
799 244 981 293 carpellis
1002 246 1139 284 obtuse
1155 246 1384 296 marginatis
1407 247 1621 287 minoribus
1642 250 1682 287 et
1697 249 1857 288 brevius

169 302 348 341 rostratis
400 303 412 339 i
444 314 485 340 er
505 331 514 340 .

218 369 304 409 Ar.
329 368 491 420 θροεῖ.
522 370 714 419 Hispania
749 372 955 423 centralis,
987 371 1188 424 Calabria,
1215 373 1369 425 Sicilia,
1406 374 1615 424 Songaria.

344 461 367 484 ἃ
390 461 413 484 ÷÷
446 462 559 500 Folia
582 463 715 501 lobata
738 463 801 501 vel
826 467 947 502 secta.

407 551 438 603 †
463 547 587 600 Calyx
611 552 791 592 reflexus.

463 655 501 682 a,
535 644 632 682 Axis
656 645 806 693 glabra.

226 766 287 808 R.
311 765 677 820 parviilorus
697 764 760 819 (L.
791 763 860 821 Sp.
884 763 985 821 780)
1009 765 1152 821 patule
1179 771 1219 807 et
1246 764 1430 807 molliter
1450 764 1646 818 villosus,
1665 765 1859 809 caulibus

169 822 490 879 erecto-patulis
525 824 588 865 vel
632 822 829 875 deflexis,
872 823 983 866 foliis
1017 822 1465 866 cordato-orbiculatis
1505 822 1659 865 trifidis
1696 824 1859 867 lobato-

168 881 372 934 crenafis,
410 881 660 938 pedunculis
704 881 1002 938 oppositifoliis
1044 881 1203 924 strictis
1242 881 1474 924 fructiferis
1508 881 1571 924 vix
1615 881 1859 926 incrassatis

168 941 352 997 capitulo
380 940 595 983 multoties
622 940 911 996 longioribus,
940 940 1093 997 sepalis
1119 939 1278 983 villosis
1311 941 1450 996 petala
1477 940 1860 996 oblongo-obovata

168 999 543 1056 subaequantibus,
573 999 768 1056 carpellis
794 999 925 1042 ovatis
952 1000 1360 1056 plano-compressis
1387 999 1622 1042 tuberculis
1648 998 1692 1041 in
1724 1000 1859 1056 pilum

168 1058 418 1101 uncinatum
445 1057 701 1100 abeuntibus
728 1057 878 1100 crebre
905 1057 1171 1100 muriculatis
1199 1057 1393 1112 margine
1420 1057 1511 1100 laevi
1539 1064 1691 1113 arguto
1709 1058 1859 1102 cinctis

168 1117 211 1160 in
240 1123 427 1160 rostrum
456 1116 546 1159 basi
576 1117 705 1159 latum
733 1116 851 1173 apice
879 1116 1164 1160 subuncatum
1183 1116 1244 1160 eis
1260 1115 1387 1173 triplo
1405 1115 1576 1159 brevius
1602 1116 1858 1162 abeuntibus

172 1182 237 1228 Q).
269 1176 324 1218 Ic.
357 1175 489 1218 Rchb.
522 1175 548 1217 f.
583 1174 713 1218 4616.

227 1248 329 1286 Hab.
355 1248 392 1284 in
420 1247 533 1285 cultis
558 1246 717 1285 Achaiae
742 1251 780 1285 et
802 1247 1067 1295 Peloponnesi
1091 1247 1156 1296 (ex
1187 1241 1328 1302 Sibth.)
1343 1277 1352 1296 ,
1378 1247 1466 1296 agri
1499 1246 1707 1296 Byzantini
1732 1252 1771 1286 et
1794 1248 1857 1286 Bi-

167 1306 313 1356 thyniae
336 1309 400 1356 (ex
423 1306 609 1355 Griseb.).
640 1306 700 1344 Fl.
723 1318 831 1345 vere.

227 1371 301 1412 Ar.
327 1372 490 1424 Geogr.
514 1374 673 1424 Europa
711 1373 915 1422 australis,
939 1371 1076 1411 Africa
1108 1373 1193 1412 bor.
1232 1372 1356 1411 occid.
1366 1403 1377 1423 ,
1403 1373 1545 1412 Insulae
1587 1373 1861 1423 Canarienses,

169 1433 352 1473 America
377 1435 560 1473 borealis.

229 1574 289 1616 R.
319 1573 499 1617 Chius
529 1571 623 1627 (Dc.
655 1570 761 1628 Syst.
798 1570 832 1624 l,
869 1584 912 1627 p.
954 1568 1067 1626 299)
1101 1569 1288 1613 molliter
1318 1570 1508 1623 villosus,
1545 1570 1665 1613 caule
1699 1576 1863 1613 erecto-

168 1632 312 1689 patulo
353 1631 416 1674 vel
457 1630 634 1682 diffuso,
667 1629 778 1672 foliis
805 1628 1253 1672 cordato-orbiculatis
1293 1629 1446 1672 trifidis
1483 1628 1858 1682 lobato-crenatis,

168 1689 418 1748 pedunculis
445 1687 741 1746 oppositifoliis
783 1687 1014 1731 fructiferis
1053 1687 1171 1730 valde
1209 1687 1633 1731 clavato-incrassatis
1673 1687 1861 1731 arcuatis

169 1749 354 1806 capitulo
381 1748 459 1791 3-4
483 1749 552 1805 plo
580 1746 868 1803 longioribus,
902 1745 1057 1804 sepalis
1089 1746 1226 1803 petala
1254 1753 1432 1802 anguste
1468 1747 1651 1802 oblonga
1686 1761 1860 1804 aeqaun-

166 1808 298 1860 tibus,
327 1807 520 1864 carpellis
547 1806 678 1849 ovatis
703 1804 1110 1863 plano-compressis
1128 1804 1361 1849 tuberculis
1388 1806 1431 1848 in
1458 1806 1592 1863 pilum
1610 1805 1859 1848 uncinatum

168 1866 425 1910 abeuntibus
452 1864 599 1909 crebre
626 1864 892 1908 muriculatis
919 1863 1113 1919 margine
1138 1863 1229 1906 laevi
1258 1871 1409 1920 arguto
1427 1864 1576 1908 cinctis
1602 1863 1645 1906 in
1672 1871 1859 1908 rostrum

168 1925 259 1969 basi
296 1926 427 1968 latum
468 1924 587 1981 apice
627 1930 829 1967 uncatum
871 1923 932 1966 eis
973 1922 1150 1966 dimidio
1191 1922 1363 1967 brevius
1404 1923 1661 1966 abeuntibus
1701 1928 1767 1975 O.
1798 1924 1855 1966 Ic.

169 1984 292 2027 Guss.
323 1983 475 2027 Enum.
506 1982 679 2026 lnarim.
711 1982 796 2026 tab.
828 1983 859 2025 Ι.
891 1981 950 2038 fig
975 1981 1016 2024 1.
1048 1981 1100 2024 R.
1126 1981 1392 2026 incrassatus
1417 1982 1540 2026 Guss.
1563 1982 1662 2040 Syn.
1684 1981 1738 2036 ΙΙ,
1757 1996 1853 2040 pag.

168 2042 238 2086 50.
270 2043 330 2144 g}
368 2042 713 2086 Schraderz'anus
754 2040 894 2085 Fisch.
934 2047 975 2084 et
1005 2041 1110 2098 Mey.
1142 2040 1269 2084 Index
1302 2041 1471 2099 Petrop.
1503 2041 1568 2084 IV.
1599 2040 1721 2084 Linn.
1762 2041 1854 2094 XII,

165 2117 208 2160 p.
241 2102 259 2145 1
341 2102 349 2144 l

225 2173 327 2211 Hab.
351 2172 390 2210 in
415 2172 609 2211 umbrosis
633 2172 749 2211 cultis
774 2175 812 2211 et
833 2171 1024 2220 lapidosis
1048 2170 1210 2210 Graeciae
1232 2171 1271 2208 in
1296 2171 1452 2221 Attica,
1477 2171 1641 2216 Baeotia‚
1664 2169 1857 2219 Argolide

168 2232 337 2283 (Sprunl
363 2232 538 2281 Heldrl),
563 2233 691 2271 insula
715 2231 813 2271 Chio
835 2230 967 2280 (Olivl
994 2230 1120 2271 Auch.
1148 2242 1229 2269 exs.
1253 2229 1334 2272 28!
1364 2228 1527 2283 Orphl),
1554 2230 1731 2280 Smyrnae
1749 2226 1855 2285 (Bal.

168 2290 432 2342 exs.126!),
474 2291 621 2331 Ciliciae
663 2291 810 2344 (Ball),
849 2291 969 2340 Cypri
1009 2291 1101 2341 (Ky.
1138 2291 1275 2340 Suppl.
1314 2289 1467 2338 401³),
1509 2302 1633 2339 prope
1667 2290 1858 2328 Samsoun

167 2350 366 2405 (Tchich.)
393 2356 431 2390 et
461 2352 751 2401 Trapezontem
776 2352 929 2405 (Bourg
947 2347 1005 2404 l),
1032 2352 1070 2389 in
1104 2351 1220 2400 Syria
1249 2363 1374 2401 prope
1405 2350 1588 2399 Tripolin
1626 2347 1729 2402 (Bll)
1756 2354 1795 2389 et
1817 2350 1856 2388 in

165 2412 318 2451 Libano
342 2410 526 2463 (Gailll).
551 2411 611 2450 Fl.
638 2423 742 2450 vere.

223 2480 369 2519 Similis
393 2481 629 2529 praeeedenti
664 2493 687 2518 a
722 2492 799 2529 quo
836 2479 1046 2528 pedunculi
1071 2478 1260 2517 fructiferi
1283 2478 1410 2517 forma
1431 2478 1564 2516 statim
1588 2476 1853 2526 distinguitur.

166 2539 348 2588 Carpella
374 2541 535 2590 insuper
557 2541 674 2589 paulo
699 2539 856 2588 longius
879 2542 1051 2577 rostrata
1075 2542 1177 2577 sunt.

222 2605 300 2646 Ar.
321 2605 483 2657 Geogr.
507 2607 642 2646 Sicilia
666 2611 704 2645 et
727 2607 862 2645 insulae
887 2606 1046 2655 vicinae,
1072 2605 1254 2653 Inarime,
1279 2605 1407 2643 Istria.

459 2704 501 2744 b.
525 2705 623 2744 Axis
644 2705 808 2744 hirsuta.

234 2836 295 2879 R.
324 2835 584 2879 trilobus
612 2833 743 2890 (Desf.
774 2834 854 2875 Atl.
886 2833 919 2887 l,
952 2847 994 2890 p.
1026 2830 1127 2875 437.
1159 2831 1246 2875 tab.
1277 2829 1381 2888 113)
1422 2830 1510 2873 fere
1543 2828 1709 2885 glaber,
1739 2827 1853 2871 foliis

160 2893 319 2937 infimis
346 2892 508 2936 ambitu
537 2891 784 2936 orbiculatis
811 2892 995 2935 crenatis
1021 2891 1190 2934 coeteris
1220 2889 1442 2947 tripartitis
1467 2888 1530 2932 vel
1557 2886 1850 2944 subpinnatim

158 2952 336 2997 ternatis
364 2951 593 3010 segmentis
625 2950 990 3004 inciso-dentatis,
1019 2949 1168 3008 petalis
1204 2949 1400 3006 oblongis
1427 2948 1565 3006 calyce
1591 2946 1655 2990 vix
1683 2945 1848 3003 longio—
