2021 3235
279 49 377 87 Hab.
405 50 440 86 in
467 50 588 97 pratis
611 49 724 86 vallis
750 46 1031 86 Kiahadchane
1055 58 1179 95 prope
1202 43 1435 94 Byzantium
1459 41 1664 96 (Griseb.).
1688 44 1748 83 ΕΙ.
1780 45 1907 95 primo

220 120 323 146 vore.

276 175 351 216 Ar.
385 175 545 227 Geogr.
581 176 741 224 Europa
766 178 954 223 septentr.
982 177 1021 212 et
1044 173 1197 222 media,
1222 171 1379 210 Sibiria.

275 320 328 363 C.
348 321 504 363 acris
534 320 715 375 (Griseh.
741 319 882 377 Spieil.
906 320 939 371 l,
960 333 1002 375 p.
1024 317 1126 367 253>
1155 317 1391 360 rhizomate
1413 316 1479 359 vix
1497 316 1759 370 stolonifero‚
1790 318 1908 361 caule

216 379 393 429 sulcato,
438 378 545 420 foliis
583 378 767 435 pinnatis
803 378 957 421 foliolis
992 376 1211 420 sessilibus
1241 375 1434 418 omnium
1460 375 1659 418 foliorum
1686 376 1819 420 ovatis
1844 377 1908 419 vel

215 436 408 492 oblongis
437 437 647 479 terminali
677 436 826 492 majori
855 436 1093 479 orbiculato
1120 435 1182 477 vel
1210 433 1301 476 basi
1330 441 1528 486 cuneato,
1558 433 1735 477 floribus
1753 435 1905 489 roseis,

215 495 378 551 siliquis
405 495 810 552 erecto-patentibus
841 496 946 552 stylo
973 493 1254 537 crassiusculo
1280 506 1429 536 earum
1454 492 1561 536 latit.
1583 492 1907 550 subaequilongo

216 553 456 596 terminatis
494 561 554 602 26.

275 624 379 661 Hah.
408 623 457 660 ad
483 624 630 661 rivulos
665 623 836 671 regionis
874 623 1014 671 alpinae
1049 620 1288 659 Macedoniae
1313 618 1494 671 (Grisebt
1521 619 1685 673 Frivl),
1715 621 1754 659 in
1778 626 1909 660 monte

215 683 464 731 Bing'oldagh
487 683 682 720 Armeniae
715 681 810 733 (Ky.
838 682 976 730 Suppl.
1006 679 1092 720 755
1118 681 1190 718 sub
1219 678 1260 718 C.
1282 680 1492 730 pratensi).

275 751 307 787 A
335 747 376 788 C.
398 750 575 799 pratensi
606 749 753 787 foliolis
779 749 950 787 omnium
977 748 1161 786 foliorum
1188 747 1530 785 subconformibus
1566 758 1639 785 nec
1672 747 1836 785 caulinis
1860 747 1905 784 li-

215 810 400 847 nearibus
427 810 624 847 distincta.
650 808 710 846 An
737 812 797 846 sat
818 808 1002 857 specifice
1027 801 1215 845 diversa?
1240 805 1399 855 Siliquae
1421 809 1581 845 maturae
1603 806 1759 855 ignotae.

274 956 328 1000 C.
362 967 569 999 amara
609 954 670 1009 (L.
701 952 769 1010 sp.
802 952 906 1009 915)
949 952 1185 994 rhizomate
1224 951 1494 1006 stolonifero‚
1529 953 1649 995 caule
1685 952 1909 1008 angulato-

214 1015 390 1068 sulcato,
436 1013 545 1056 foliis
587 1012 791 1070 pinnatis,
834 1010 988 1054 foliolis
1029 1009 1102 1053 M
1138 1009 1254 1067 jugis
1297 1011 1367 1054 fol.
1408 1010 1662 1054 inferiorum
1697 1011 1908 1068 petiolatis

214 1071 652 1124 subrotundo-ovatis‚
698 1070 971 1126 superiorum
1013 1069 1208 1125 oblongis
1244 1069 1445 1112 omnihus
1482 1070 1906 1126 angulato-dentatis‚

213 1131 391 1174 floribus
427 1131 551 1183 albis,
594 1129 786 1173 authoris
821 1128 1036 1181 violaceis,
1085 1126 1249 1184 siliquis
1285 1127 1439 1171 erectis
1476 1128 1520 1171 in
1552 1129 1708 1185 stylum
1738 1136 1907 1172 tenuem

214 1204 361 1234 earum
390 1190 493 1233 latit..
525 1189 735 1246 subduplo
763 1187 1001 1244 longiorem
1029 1186 1287 1230 abeuntibus
1326 1194 1386 1236 26.
1418 1187 1552 1230 Rchh.
1584 1187 1655 1244 fig.
1685 1186 1816 1230 4305.

273 1261 372 1298 Hab.
397 1260 434 1297 in
459 1260 628 1297 humidis
653 1259 794 1296 montis
812 1257 934 1294 Haemi
951 1256 1130 1295 Thraciae
1155 1255 1222 1306 (ex
1246 1255 1405 1308 Simu).
1427 1257 1550 1295 Deest
1572 1257 1610 1294 in
1634 1257 1743 1296 herb.
1762 1256 1901 1306 Sibth„

211 1321 276 1369 qui
302 1331 386 1357 eam
409 1320 539 1357 forsan
566 1331 651 1356 eum
677 1317 854 1367 sequenti
885 1317 1064 1355 confusit.
1095 1316 1138 1355 C.
1169 1327 1306 1355 amara
1328 1318 1499 1366 genuina
1522 1319 1654 1355 tamen
1685 1317 1723 1354 in
1752 1317 1901 1355 Bosnia

217 1376 397 1433 (Sendtl)
424 1379 578 1416 erescit·

273 1444 351 1484 Ar.
387 1445 551 1495 Geogr.
586 1445 746 1494 Europa
770 1448 875 1494 sept.
900 1446 938 1481 et
958 1442 1100 1483 media.
1131 1442 1275 1481 Sibiria
1298 1442 1473 1482 Altaica.

273 1579 326 1623 G.
353 1579 655 1634 uliginosa
683 1575 787 1633 (ΜΒ.
819 1575 894 1628 ΙΙΙ,
923 1589 964 1631 p.
986 1573 1088 1631 438)
1117 1574 1351 1618 rhizomate
1380 1574 1647 1628 stolonifero‚
1676 1575 1795 1618 caule
1823 1576 1909 1619 sul-

215 1644 323 1689 cato,
368 1636 477 1679 foliis
510 1635 695 1692 pinnatis
729 1634 887 1678 foliolis
919 1633 996 1676 5-7
1026 1633 1136 1691 jugis
1164 1633 1343 1689 integris
1368 1634 1434 1677 vel
1460 1634 1671 1690 angulatis
1699 1634 1770 1677 fol.
1801 1633 1908 1677 infe-

214 1695 378 1738 riorum
406 1694 616 1751 petiolatis
643 1693 776 1737 ovatis
802 1694 867 1736 vel
893 1692 1170 1736 subrotundis
1206 1692 1420 1736 terminali
1455 1692 1594 1736 rarius
1628 1691 1798 1749 majori,
1837 1707 1908 1736 su—

214 1754 433 1811 periorum
461 1752 673 1809 oblongis,
712 1752 892 1795 floribus
926 1750 1049 1804 albis,
1086 1750 1275 1794 antheris
1308 1751 1450 1805 luteis,
1485 1751 1652 1809 siliquis
1680 1751 1837 1795 strictis
1864 1751 1907 1794 in

216 1814 369 1870 stylum
397 1812 727 1855 orassiusculum
754 1825 902 1854 earum
929 1810 1033 1853 latit.
1067 1810 1440 1867 suhaequilongum
1467 1809 1725 1854 abeuntibus
1755 1815 1797 1859 26
1813 1845 1821 1854 .
1855 1809 1904 1853 C.

214 1885 367 1914 amara
389 1870 473 1914 ΜΒ.
495 1871 621 1913 Taur.
641 1869 767 1913 Cano.
800 1869 855 1924 ΙΙ,
884 1883 924 1926 p.
947 1868 1031 1912 109
1058 1882 1145 1912 non
1162 1868 1207 1911 L.
1242 1867 1289 1911 C.
1316 1868 1550 1913 Caucasica
1577 1868 1679 1913 Pall.
1710 1868 1753 1911 in
1773 1868 1904 1912 Herb.

214 1930 368 1973 Willdl
399 1930 499 1972 Led.
530 1929 592 1972 Fl.
623 1929 743 1972 Ross.
777 1928 809 1981 l,
839 1942 880 1985 p.
908 1927 1019 1971 1261
1054 1927 1102 1970 C.
1127 1933 1269 1971 tenera
1297 1927 1429 1972 Boiss.
1459 1928 1568 1970 Ann.
1606 1928 1687 1972 loc.
1718 1927 1789 1971 cit.
1820 1941 1907 1971 non

217 1988 350 2032 Gmel.
384 1987 432 2032 C.
467 1987 691 2045 Olympiaci
718 1987 851 2031 Boiss.
881 1986 1031 2044 Diagn.
1060 1985 1150 2029 Ser.
1183 1985 1215 2039 Ι,
1244 1985 1355 2041 VIII,
1384 2001 1427 2044 p.
1457 1985 1528 2029 19.

255 2061 354 2098 Hab.
380 2060 417 2097 in
442 2059 610 2098 humidis
635 2063 673 2097 et
696 2059 745 2097 ad
767 2058 914 2097 rivulos
932 2059 1105 2108 regionis
1129 2061 1320 2096 montanae
1335 2061 1374 2097 et
1389 2059 1541 2108 alpinae,
1563 2057 1754 2107 Olympus
1771 2058 1904 2108 Bithy-

215 2132 287 2158 nus
311 2119 453 2169 (Auch.
482 2131 562 2157 exs.
583 2116 690 2158 1141
718 2118 888 2172 Boissl).
915 2118 1064 2156 Pontus
1090 2116 1302 2170 (Tabim),
1331 2118 1518 2156 Armenia
1540 2111 1688 2169 (Huetl
1718 2115 1906 2172 Bomgt),

216 2191 327 2217 mons
351 2179 577 2228 Berytdagh
602 2178 863 2227 Cappadociae
883 2177 1119 2229 (Hausskt),
1143 2177 1281 2216 Cilicia
1296 2177 1473 2217 Kurdioa
1498 2176 1582 2229 (Ky
1598 2178 1605 2214 l
1621 2173 1652 2230 ),
1679 2177 1789 2227 regio
1806 2176 1905 2217 Cau-

218 2239 345 2278 casica
372 2237 469 2291 (ΜΒ.
492 2235 639 2292 Hohl),
664 2238 800 2276 Persia
824 2239 908 2276 bor.
937 2234 1143 2292 (Buhsel).
1172 2237 1231 2276 Fl.
1257 2242 1340 2276 aest.

276 2307 413 2345 Variat
437 2308 607 2353 statura,
626 2306 778 2350 ,foliolis
803 2306 893 2354 plus
931 2305 1057 2344 minus
1081 2305 1255 2344 remotis.
1279 2305 1421 2344 Affinis
1444 2303 1680 2354 praecedenti
1706 2305 1776 2343 sed
1802 2307 1908 2344 certe

221 2366 415 2405 distincta.

276 2433 352 2473 Ar.
386 2433 548 2484 Geogr.
582 2434 724 2472 Rossia
748 2433 946 2483 australis,
971 2432 1116 2472 Sibiria
1139 2432 1310 2473 Altaica.

276 2565 330 2610 C.
355 2560 903 2614 Wiedemanniana‚
931 2559 1166 2603 rhizomate
1191 2572 1278 2602 non
1305 2557 1571 2611 stolonifero‚
1587 2559 1707 2602 caule
1724 2559 1903 2612 sulcato,

218 2622 329 2667 foliis
354 2621 540 2679 pinnatis
567 2618 721 2663 foliolis
747 2617 826 2661 2-3
854 2618 970 2675 jugis
1007 2617 1207 2661 foliorum
1244 2616 1499 2661 inferiorum
1535 2616 1667 2661 ovatis
1702 2618 1767 2660 vel
1804 2617 1905 2660 sub-

218 2682 412 2726 rotundis
440 2680 588 2722 obtuse
616 2677 985 2721 sinuato-dentatis
1012 2677 1284 2734 superiorum
1311 2675 1904 2732 oblongo-rhombeislobatis

217 2738 427 2784 terminali
456 2738 581 2795 paulo
610 2735 778 2792 majori,
806 2735 984 2778 floribus
1012 2735 1134 2789 albis,
1164 2734 1354 2778 antheris
1379 2734 1530 2789 luteis,
1560 2734 1797 2791 siliquis...
1839 2742 1899 2784 26.
