2021 3235
215 44 428 102 oblongis,
457 49 663 105 pedicello
680 50 809 108 calyci
829 50 1169 116 subaequHongo,
1200 51 1377 95 floribus
1396 53 1572 97 minutis
1590 54 1714 109 albis,
1734 69 1903 99 racemo

215 102 436 168 fructifero
464 107 718 152 rectiusculo
745 122 906 162 crasso,
945 108 1112 167 s1liquis
1149 109 1299 166 rigidis
1336 112 1654 169 erecto-patulis
1680 113 1903 170 puberulis

215 162 421 217 pedicello
448 179 590 210 crasso
618 167 843 225 aequilafis,
888 167 1015 211 valvis
1057 167 1254 212 convexis
1296 177 1452 227 praeter
1492 184 1671 213 nervum
1714 172 1904 215 medium

216 219 403 266 obsolete
430 225 661 279 venulosis‚
689 225 927 269 seminibus
951 226 1110 283 apteris
1142 232 1209 278 Θ.

275 290 376 330 Hab.
403 293 442 330 in
466 295 625 343 regione
650 295 782 344 alpina
803 296 946 334 montis
971 295 1108 334 Cadmi
1138 307 1259 344 supra
1282 296 1467 336 Col-ossas
1493 298 1530 335 in
1564 297 1681 337 Caria
1714 298 1904 350 (Boissl).

217 348 275 385 Fl.
303 350 391 389 Jun.

276 415 414 456 Affinis
438 420 676 467 praecedenti
699 421 830 459 differt
854 422 998 459 racemi
1032 421 1192 459 rachide
1225 422 1409 460 crassiori
1435 423 1632 473 subrecta,
1660 423 1815 473 siliquis
1837 436 1904 473 pe-

215 474 444 526 dicellisque
466 478 677 518 fructiferis
693 480 810 518 tertia
830 484 942 529 parte
969 480 1242 529 crassioribus,
1273 481 1514 520 valvularum
1538 483 1786 522 nervatione.

661 619 693 671 †
725 619 751 669 †
782 620 896 658 Folia
919 620 1073 659 caulina
1097 621 1183 659 basi
1208 621 1430 658 rotundata.

273 737 335 780 A.
362 738 618 783 Aucheri
645 739 796 795 (Boiss.
820 740 928 782 Ann.
949 739 1014 783 Sc.
1043 740 1135 784 Nat.
1167 739 1298 790 1842,
1328 755 1368 797 p.
1392 739 1467 797 52)
1493 741 1606 798 pube
1640 744 1809 784 ramosa
1836 756 1905 785 ca-

217 808 412 847 nescens,
442 796 553 839 foliis
579 797 850 841 denticulatis
875 798 1088 855 oblongis,
1117 799 1310 842 caulibus
1327 813 1454 856 parce
1472 799 1671 853 ramosis,
1702 799 1905 856 pedicello

215 854 356 910 calyce
385 854 588 909 breviori,
632 855 811 899 floribus
851 856 1026 900 minutis
1068 857 1192 911 albis,
1237 871 1405 900 racemo
1446 858 1665 901 fructifero
1708 858 1905 914 elongato

216 911 324 965 laxo,
355 912 519 970 siliquis
547 914 863 971 erecto-patulis
889 915 1047 971 glabris
1073 916 1137 958 vel
1164 916 1303 959 rarius
1331 916 1512 973 sparsim
1538 916 1664 960 hirtis
1690 930 1906 973 compres-

216 969 273 1013 sis
299 971 504 1027 pedicello
532 972 767 1016 incrassato
793 974 1019 1030 aequilafis,
1048 974 1223 1017 valvulis
1250 974 1447 1018 convexis
1472 975 1701 1029 venulosis,
1731 974 1906 1019 semini-

215 1028 294 1072 bus
322 1029 480 1087 apteris
511 1037 578 1083 Θ.

272 1099 373 1138 Hab.
399 1101 436 1137 in
462 1103 576 1139 cultis
600 1106 639 1140 et
664 1103 854 1148 arenosis,
882 1102 1007 1150 Lycia
1037 1103 1086 1139 ad
1120 1102 1273 1140 Elmalu
1303 1101 1526 1154 (Bourgt),
1551 1103 1689 1143 Cilicia
1721 1103 1901 1152 Kurdiea

215 1156 311 1207 (Ky.
339 1171 420 1198 exS.
447 1159 524 1198 17!
552 1167 590 1199 et
613 1161 749 1210 Suppl.
775 1159 934 1213 1752),
961 1162 998 1199 in
1034 1163 1280 1210 rupestribus
1317 1162 1441 1211 Syriae
1480 1164 1532 1201 ad
1570 1163 1726 1212 Aleppo
1757 1163 1898 1214 (Auch.

213 1214 292 1256 97!
329 1230 378 1256 ex
406 1224 530 1270 parte,
569 1220 797 1272 Hausskl),
825 1223 861 1258 in
896 1222 1002 1271 agris
1027 1222 1076 1258 ad
1110 1221 1320 1260 Schablum
1354 1223 1453 1260 inter
1486 1223 1640 1272 Aleppo
1680 1226 1719 1261 et
1752 1223 1897 1262 Aintab

213 1277 416 1327 (Hausskn
430 1281 472 1330 1),
498 1281 548 1317 ad
574 1281 812 1320 Damascum
837 1282 875 1318 in
900 1286 1028 1319 monte
1055 1280 1180 1319 Gebel
1204 1280 1412 1320 Khaisoun
1438 1277 1620 1334 (Gailll).
1643 1282 1704 1321 F-l.
1736 1294 1843 1321 vere.

272 1346 403 1384 Caulis
427 1349 570 1396 saepius
594 1352 723 1387 rectus
755 1350 923 1398 simplex
948 1350 1142 1387 interdum
1165 1349 1350 1388 humilior
1376 1363 1399 1388 a
1421 1351 1505 1388 basi
1540 1362 1733 1390 ramosus,
1759 1351 1899 1389 Facies

211 1405 258 1444 A.
283 1408 514 1446 auriculatae
537 1412 574 1446 et
594 1408 892 1448 Mambretianae
917 1422 939 1447 a
965 1410 1104 1458 quibus
1130 1409 1234 1446 foliis
1268 1410 1407 1447 eximie
1445 1409 1708 1448 differt.—A.
1739 1411 1907 1461 parvula

214 1466 377 1507 Dufour.
398 1481 456 1503 Ξ
478 1467 649 1519 labisolz'a
674 1469 822 1508 Durieu
846 1471 990 1508 nostrae
1014 1468 1142 1507 affinis
1167 1469 1296 1507 differt
1328 1481 1482 1508 racemo
1506 1471 1617 1509 brevi
1647 1471 1793 1520 denso,
1821 1471 1902 1508 sili-

214 1528 292 1574 qua
318 1526 479 1565 dimidio
506 1528 677 1570 breviori
703 1529 888 1568 crassiori
910 1529 1072 1567 hirsuta.

722 1679 744 1701 ÷÷
778 1679 800 1701 ἥ
835 1681 1005 1718 Biennes
1028 1683 1304 1729 perennantes.

718 1789 748 1840 †
781 1789 895 1827 Folia
920 1789 1075 1828 caulina
1099 1790 1298 1839 sagittata.

270 1908 332 1950 A.
350 1908 588 1954 hirsuta
616 1909 756 1966 (Scep.
786 1909 910 1953 Carn.
942 1908 984 1962 2,
1015 1923 1054 1966 p.
1087 1907 1161 1965 30)
1191 1908 1373 1961 hirsuta,
1402 1908 1513 1951 foliis
1542 1908 1801 1952 radicalibus
1829 1908 1904 1951 ob-

213 1965 351 2021 longis
378 1966 421 2009 in
449 1967 651 2023 peliolum
680 1967 924 2021 attenuatis,
954 1967 1133 2011 caulinis
1162 1967 1477 2024 erecto-patulis
1504 1966 1594 2009 basi
1622 1967 1806 2010 cordatis
1833 1982 1906 2010 au-

214 2024 361 2067 riculis
388 2025 564 2081 patulis‚
604 2027 769 2084 siliquis
798 2027 951 2070 erectis
981 2026 1214 2069 linearibus
1241 2025 1746 2082 tetragono-compressis
1773 2040 1905 2069 nervo

212 2083 490 2138 prominenti,
520 2086 758 2128 seminibus
782 2086 978 2142 oblongis
1007 2092 1185 2141 anguste
1205 2084 1465 2142 'marginatis
1499 2086 1570 2141 &-

271 2150 640 2251 ss-lgllabresoe‘ls-
686 2152 803 2195 Folia
846 2151 1113 2207 subintegra.
1159 2152 1211 2193 A.
1248 2151 1477 2194 constricta
1518 2149 1683 2194 Griseb.
1722 2150 1831 2208 Spic.
1872 2151 1904 2204 Ι,

213 2221 254 2264 p.
285 2207 341 2250 a*
377 2241 385 2250 .

270 2279 370 2317 Hab.
399 2281 436 2317 in
456 2284 585 2318 monte
610 2280 759 2319 Scardo
785 2281 1025 2319 Macedoniae
1052 2279 1213 2330 (Griseb
1228 2277 1270 2330 1).

272 2346 414 2385 Forma
439 2350 554 2387 valde
578 2350 704 2387 affinis
729 2350 775 2387 A.
799 2349 958 2388 hirsutoe
982 2362 1063 2387 var.
1087 2349 1335 2398 glaberrz'moe
1356 2361 1417 2386 =
1440 2347 1484 2386 A.
1507 2348 1698 2387 Sudeticae
1723 2347 1905 2390 Tausch;

211 2406 345 2444 forsan
372 2409 420 2446 ob
446 2409 608 2458 siliquas
634 2410 751 2457 paulo
779 2411 905 2459 magis
929 2422 1045 2459 quam
1068 2409 1106 2446 in
1138 2414 1233 2457 typo
1270 2414 1498 2457 tetragonas
1535 2408 1826 2446 adnumeranda
1861 2406 1906 2444 A.

210 2467 361 2504 ineanoe
385 2468 489 2506 Roth
507 2481 567 2505 Σ
589 2469 773 2517 confertoe
800 2470 934 2507 Willd.
962 2481 1077 2519 quam
1102 2469 1277 2510 nonnulli
1303 2469 1473 2507 botanici
1497 2470 1545 2507 ab
1572 2467 1620 2506 A.
1650 2468 1805 2506 hirsuta
1831 2467 1907 2504 dis-

211 2526 405 2574 tinguunt.

268 2681 330 2724 A.
365 2680 848 2736 sagittatafflertol.
883 2681 1048 2723 Amcen.
1083 2680 1130 2723 lt.
1163 2694 1202 2736 p.
1235 2677 1320 2721 185
1349 2678 1427 2721 sub
1451 2678 1691 2736 Turritide)
1720 2677 1904 2729 hirsuta,

209 2738 320 2781 foliis
348 2738 605 2781 radicalibus
633 2739 828 2795 oblongi?v
855 2738 1055 2792 dentatis,
1099 2737 1280 2781 caulinis
1317 2737 1640 2795 erecto-patulis
1676 2736 1764 2782 basi
1804 2749 1905 2792 pro-
