2021 3235
1058 98 1141 141 496

317 204 351 248 ζ.
381 207 609 238 canescens.
641 193 768 235 Totus
795 191 1045 234 indumento
1072 187 1267 232 scabrido
1294 202 1539 232 canescens.
1574 189 1625 231 D.
1651 203 1868 233 canescens·
1895 189 1939 232 C.

261 254 375 297 Koch
406 254 525 296 Linn.
557 252 644 305 XV,
673 265 713 308 p.
746 249 844 292 710.

318 325 417 362 Hab.
438 324 473 360 in
500 323 653 359 deserto
677 319 870 357 Armeniae
895 318 944 355 ad
963 316 1213 355 thmiadsin
1242 313 1303 369 (C.
1328 313 1499 369 Koch!).

316 389 391 428 Ar.
425 389 586 438 Geogr.
622 387 732 424 India
756 383 1197 424 boreali-occidentalis.

316 546 375 588 D.
408 544 661 587 crinitus
690 539 791 597 (Sm.
824 540 913 581 Act.
944 537 1036 580 Soc.
1069 536 1193 579 Linn.
1227 536 1280 588 ll,
1308 551 1350 593 p.
1382 535 1486 593 300)
1520 537 1612 580 basi
1641 537 1944 583 suffrutescens

258 599 771 659 cespitoso-multicaulis‚
821 596 1012 640 caulibus
1049 594 1205 638 strictis
1241 594 1414 651 virgatis
1448 594 1713 653 simplicibus
1748 598 1944 642 unissoris

257 662 319 703 vel
347 659 489 702 stricte
518 658 694 701 ramosis
732 655 805 699 3-4
841 655 977 707 floris,
1021 653 1130 696 foliis
1173 653 1322 709 rigidis
1364 653 1499 697 acutis
1542 654 1943 711 lineari-subulatis‚

258 718 447 776 squamis
482 716 699 774 quaternis
735 713 946 771 adpressis
979 711 1174 768 oblongis
1203 712 1337 755 acutis
1364 712 1427 754 vel
1454 712 1496 755 in
1525 712 1745 769 cuspidem
1772 714 1944 758 brevem

257 779 435 832 abrupte
462 774 687 819 attenuatis
713 774 854 830 calyce
881 770 960 814 4-5
986 771 1054 827 plo
1082 770 1368 823 brevioribus,
1397 771 1553 828 calycis
1579 771 1695 827 longi
1723 772 1946 830 cylindrici

258 835 455 879 dentibus
483 832 725 877 lanceolatis
752 830 904 883 acutis,
946 829 1105 872 lamina
1145 829 1241 872 alba
1281 829 1429 886 glabra
1470 830 1653 885 oblonga
1692 830 1736 873 in
1770 831 1946 875 lacinias

258 894 506 950 capillaccas
542 891 645 934 latit.
686 904 796 933 areae
835 889 966 931 multo
1002 886 1219 944 longiores
1258 887 1470 931 multifida
1520 895 1581 938 26.
1628 888 1684 931 Ic.
1714 888 1776 932 Fl.
1807 889 1942 933 Graec.

257 953 342 995 tab.
373 950 451 994 401
496 950 623 1007 (male
651 963 674 1011 a
700 947 916 991 nonnullis
943 946 994 989 ad
1022 946 1075 988 D.
1096 946 1333 989 serotinum
1368 947 1433 989 vel
1463 947 1737 1003 plumarium
1774 949 1942 1006 relata).

314 1024 413 1061 Hah.
438 1023 474 1059 in
498 1022 594 1058 Asia
618 1020 753 1058 minori
790 1017 927 1072 (Auch.
956 1028 1038 1056 exs.
1076 1014 1217 1066 5191),
1244 1018 1295 1054 ad
1326 1017 1485 1056 Koniah
1526 1018 1563 1054 in
1604 1018 1772 1057 collibus
1810 1019 1946 1068 topha—

257 1084 336 1121 ceis
383 1074 597 1131 (Heldrl),
648 1079 771 1127 Lycia
807 1077 856 1116 ad
894 1077 1046 1115 Elmalu
1081 1070 1318 1131 (Bourgl),
1349 1076 1603 1125 Cappadocia
1640 1077 1691 1115 ad
1726 1076 1946 1117 Caesaream

259 1136 423 1195 (Ball),
451 1140 602 1189 Cyprus
627 1135 812 1192 (Sibth.),
850 1137 1038 1174 Armenia
1062 1136 1233 1174 Turoica
1255 1134 1402 1186 (Huetl
1431 1132 1629 1187 Bourgl),
1656 1137 1787 1175 Iberia
1826 1137 1943 1187 (Hoh.

256 1213 336 1239 exs
364 1200 435 1238 sub
459 1199 503 1237 D.
528 1198 727 1248 fimbriato
747 1197 784 1248 J)
804 1228 812 1246 ‚
838 1196 975 1234 Persia
996 1196 1047 1233 ad
1068 1195 1177 1233 Yezd
1201 1189 1374 1249 (Buhsei
1398 1187 1556 1245 Bunge!
1574 1191 1591 1251 )
1605 1226 1614 1245 ,
1640 1196 1691 1233 ad
1713 1196 1946 1245 Persepolin

255 1258 409 1311 (Ky!)‚
433 1259 658 1296 Belutschia
696 1252 928 1308 (Stocks!)‚
956 1254 1223 1293 Turkestania
1263 1255 1312 1293 ad
1352 1254 1598 1293 Samarkand
1629 1253 1857 1306 (Lehml).
1883 1255 1942 1294 Fl.

254 1321 346 1358 Mai.
374 1319 453 1357 Jul.

314 1387 448 1425 Variat
473 1386 649 1424 caulibus
674 1382 780 1423 4-12
804 1383 1075 1432 pollicaribus,
1102 1382 1275 1431 squamis
1298 1382 1423 1421 acutis
1440 1383 1503 1420 vel
1528 1384 1695 1431 abrupte
1717 1384 1941 1433 attenuatis,

255 1449 369 1496 calyx
395 1444 527 1484 12-15
553 1445 618 1481 lin.
645 1445 806 1493 longus3
834 1443 963 1480 differt
986 1443 1034 1480 ab
1070 1442 1177 1480 affini
1202 1441 1246 1479 D.
1282 1441 1486 1490 fimbriato
1510 1442 1673 1481 floribus
1697 1442 1942 1492 longioribus

256 1513 292 1544 et
324 1506 467 1543 lamina
489 1503 790 1552 profundissime
814 1513 917 1550 saepe
942 1513 1064 1549 usque
1090 1501 1139 1538 ad
1164 1501 1275 1540 basin
1297 1501 1499 1539 multifida.

308 1571 353 1622 β.
386 1567 666 1611 tomentellus.
697 1564 845 1608 Caules
873 1570 913 1606 et
938 1563 1037 1606 solia
1064 1562 1255 1606 breviter
1279 1564 1542 1606 tomentella.

308 1641 407 1678 Hab.
445 1640 482 1676 in
519 1637 655 1674 Persia
679 1635 913 1674 occidentali
943 1635 1085 1685 (Auch.
1114 1646 1193 1672 exs¹
1229 1632 1315 1674 517
1337 1634 1346 1674 !
1365 1635 1397 1680 l,
1422 1636 1522 1672 inter
1558 1634 1733 1672 Kerman
1772 1638 1810 1673 et
1831 1634 1941 1673 Yezd

252 1709 406 1758 (Buuge
420 1703 466 1760 !)‚
490 1703 715 1742 Belutschia
742 1697 906 1758 (Stocks
923 1701 973 1752 1).

306 1792 347 1832 y.
377 1767 692 1824 crossopetalus.
724 1763 932 1818 PumiluS,
961 1777 1149 1820 squamae
1175 1764 1421 1807 lanceolatae
1447 1763 1669 1807 herbaceae
1695 1764 1760 1807 vel
1788 1763 1939 1807 oblon-

248 1843 311 1885 gae
339 1828 382 1870 in
409 1826 628 1883 cuspidem
656 1823 911 1867 herbaceam
939 1829 1180 1866 attenuatae.
1226 1822 1277 1865 D.
1309 1823 1614 1879 crossopetalus
1650 1822 1778 1865 Fenzl
1806 1822 1849 1865 in
1877 1823 1938 1881 ΚΥ

247 1889 304 1945 pl.
337 1900 421 1930 exs.
454 1885 569 1928 Pers.
600 1884 692 1926 bor.

307 1958 407 1995 Hab.
432 1958 470 1993 in
508 1955 644 1993 Persia
673 1954 724 1992 ad
751 1951 935 1990 Teheran
959 1951 1041 2000 (Ky
1072 1964 1152 1991 exs.
1192 1948 1311 2006 212),
1347 1952 1385 1989 in
1425 1956 1554 1990 monte
1578 1951 1721 1991 Elbrus
1747 1948 1831 2006 (Ky
1854 1963 1936 1991 exs.

247 2014 388 2069 47ot),
405 2017 443 2054 in
467 2026 578 2063 prov.
609 2013 855 2061 Aderbidjan
879 2010 1024 2062 (Auch.
1056 2022 1139 2050 exs.
1162 2009 1298 2051 4255!
1315 2042 1324 2058 ,
1346 2009 1464 2052 4257
1492 2015 1529 2050 et
1550 2009 1670 2051 4244
1686 2012 1726 2063 !),
1752 2012 1851 2050 inter
1879 2011 1936 2049 Is-

246 2077 374 2126 pahan
393 2081 430 2114 et
452 2073 633 2112 Teheran
659 2073 813 2121 (Bunge
830 2067 876 2124 Ξ).

303 2225 362 2269 D.
394 2221 781 2267 Tabrisianus
824 2216 1015 2273 (Bienert
1050 2214 1094 2257 in
1131 2214 1275 2272 Bunge
1306 2216 1364 2272 pl.
1396 2214 1513 2258 Pers.
1546 2228 1631 2258 exs.
1662 2212 1795 2271 1859)
1839 2213 1931 2257 basi

245 2282 545 2326 suffrutescens
571 2275 827 2321 multicaulis
853 2273 1047 2318 caulibus
1076 2273 1340 2331 simplicibus
1368 2274 1431 2316 vel
1459 2273 1604 2316 stricte
1633 2273 1831 2326 ramosis,
1869 2272 1932 2316 fo-

244 2341 310 2385 liis
336 2339 485 2397 rigidis
511 2336 744 2380 linearibus
771 2333 924 2387 acutis,
952 2332 1141 2389 squamis
1170 2332 1389 2390 quaternis
1416 2330 1752 2388 ovato-oblongis
1771 2331 1815 2374 in
1833 2344 1932 2374 cus-

242 2400 384 2456 pidem
410 2398 580 2440 brevem
609 2392 929 2451 abruptiuscule
957 2390 1185 2434 attenuatis
1211 2392 1352 2450 calyce
1378 2390 1566 2434 breviter
1591 2389 1825 2448 cylindrico
1853 2387 1933 2432 3-4

243 2459 311 2514 plo
331 2456 584 2507 minoribus,
615 2452 772 2496 lamina
797 2451 893 2494 alba
918 2448 1206 2505 glabriuscula
1233 2449 1558 2505 ovato-oblonga
1584 2462 1736 2506 parum
1765 2451 1931 2496 exserta

244 2517 288 2559 in
314 2515 487 2559 lacinias
513 2510 726 2556 latitudini
753 2523 865 2553 areae
891 2507 1154 2565 aequilongas
1180 2509 1243 2551 vel
1269 2507 1570 2552 subbreisiores
1597 2507 1750 2565 partita
1787 2518 1847 2559 26.

302 2586 401 2624 Hab.
428 2586 465 2623 in
488 2584 632 2622 Persiae
656 2583 741 2621 bor.
767 2580 944 2619 districtu
972 2578 1078 2616 Khoi
1106 2591 1219 2628 prov,
1253 2579 1497 2628 Aderbidjan
1523 2578 1667 2630 (Szowl
1695 2576 1819 2616 Auch.
1846 2589 1928 2616 eXS.

242 2643 430 2696 42581),
469 2654 592 2692 prope
617 2641 760 2679 Tabris
792 2636 965 2691 (Buhsel
993 2631 1153 2686 Bunge!
1175 2638 1206 2688 )‚
1253 2639 1302 2677 ad
1337 2639 1465 2677 lacum
1501 2637 1770 2686 Nemekderja
1805 2648 1928 2685 prope

242 2705 398 2743 Schiraz
420 2704 501 2752 (ΚΥ
526 2713 607 2739 exs,
630 2698 741 2740 467!
769 2700 840 2738 sub
864 2698 910 2737 D.
935 2694 1105 2749 crinito),
1131 2698 1169 2735 in
1196 2697 1404 2747 Affghania
1428 2696 1556 2748 (Griff.
1584 2709 1663 2736 exst
1690 2693 1837 2749 5051).

302 2773 439 2810 Differt
460 2784 482 2808 a
510 2770 556 2808 D.
593 2769 734 2808 crinito
758 2770 796 2806 et
818 2766 863 2805 D.
894 2766 1098 2814 fimbriato
1122 2765 1258 2815 calyce
1281 2764 1355 2805 6-7
1379 2766 1446 2804 lin.
1471 2768 1619 2804 tantum
1654 2766 1773 2814 longo
1797 2776 1807 2810 ;
1835 2775 1859 2802 a
1879 2762 1925 2802 D.

240 2832 413 2881 scopario
436 2840 682 2879 squamarum
708 2827 845 2876 forma,
866 2837 889 2863 a
912 2825 957 2864 D.
981 2825 1205 2874 floribundo
1224 2826 1283 2864 oui
1304 2836 1458 2874 quoque
1475 2824 1601 2863 affinis
1628 2827 1699 2876 est,
1723 2823 1848 2863 forma
1869 2823 1924 2861 la-

243 2892 354 2930 minae
375 2896 413 2929 et
434 2888 595 2927 fimbriis
620 2886 790 2936 copiosis
813 2885 1069 2935 longioribus.

2018 2866 2021 2963 s

2013 3003 2021 3235 ἑ
