<?xml version="1.0" encoding="UTF-8"?>
<!DOCTYPE html PUBLIC "-//W3C//DTD XHTML 1.0 Transitional//EN"
    "http://www.w3.org/TR/xhtml1/DTD/xhtml1-transitional.dtd">
<html xmlns="http://www.w3.org/1999/xhtml" xml:lang="en" lang="en">
 <head>
  <title>
</title>
<meta http-equiv="Content-Type" content="text/html;charset=utf-8" />
  <meta name='ocr-system' content='tesseract 3.04.00' />
  <meta name='ocr-capabilities' content='ocr_page ocr_carea ocr_par ocr_line ocrx_word'/>
</head>
<body>
  <div class='ocr_page' id='page_1' title='image "./floraorientaliss01bois/floraorientaliss01bois_0082.png"; bbox 0 0 2021 3235; ppageno 0'>
   <div class='ocr_carea' id='block_1_1' title="bbox 973 135 1031 180">
    <p class='ocr_par' dir='ltr' id='par_1_1' title="bbox 973 135 1031 180">
     <span class='ocr_line' id='line_1_1' title="bbox 973 135 1031 180; baseline 0.017 -1"><span class='ocrx_word' id='word_1_1' title='bbox 973 135 1031 180; x_wconf 79' lang='lat'>38</span> 
     </span>
    </p>
   </div>
   <div class='ocr_carea' id='block_1_2' title="bbox 155 226 1853 646">
    <p class='ocr_par' dir='ltr' id='par_1_2' title="bbox 157 226 1853 400">
     <span class='ocr_line' id='line_1_2' title="bbox 217 226 1851 286; baseline 0.002 -18"><span class='ocrx_word' id='word_1_2' title='bbox 217 231 318 270; x_wconf 84' lang='lat' dir='ltr'>Hab.</span> <span class='ocrx_word' id='word_1_3' title='bbox 344 231 382 269; x_wconf 90' lang='lat' dir='ltr'>in</span> <span class='ocrx_word' id='word_1_4' title='bbox 398 231 567 270; x_wconf 85' lang='lat' dir='ltr'>humidis</span> <span class='ocrx_word' id='word_1_5' title='bbox 589 232 794 281; x_wconf 86' lang='lat' dir='ltr'>Argolidis</span> <span class='ocrx_word' id='word_1_6' title='bbox 812 235 851 269; x_wconf 82' lang='lat' dir='ltr'>et</span> <span class='ocrx_word' id='word_1_7' title='bbox 872 231 1013 269; x_wconf 86' lang='lat' dir='ltr'>Atticae</span> <span class='ocrx_word' id='word_1_8' title='bbox 1039 230 1193 283; x_wconf 90' lang='lat' dir='ltr'>(Boiss!</span> <span class='ocrx_word' id='word_1_9' title='bbox 1212 226 1251 286; x_wconf 83' lang='lat'>),</span> <span class='ocrx_word' id='word_1_10' title='bbox 1278 232 1466 272; x_wconf 82' lang='lat' dir='ltr'>Rumeliae</span> <span class='ocrx_word' id='word_1_11' title='bbox 1489 226 1616 283; x_wconf 74' lang='lat' dir='ltr'>(Noel</span> <span class='ocrx_word' id='word_1_12' title='bbox 1636 232 1670 286; x_wconf 90' lang='lat'>)‚</span> <span class='ocrx_word' id='word_1_13' title='bbox 1694 234 1851 272; x_wconf 83' lang='lat' dir='ltr'>Tauriae</span> 
     </span>
     <span class='ocr_line' id='line_1_3' title="bbox 157 285 1853 342; baseline 0.002 -15"><span class='ocrx_word' id='word_1_14' title='bbox 157 290 208 327; x_wconf 89' lang='lat' dir='ltr'>ad</span> <span class='ocrx_word' id='word_1_15' title='bbox 240 290 476 339; x_wconf 84' lang='lat' dir='ltr'>Sebastopol</span> <span class='ocrx_word' id='word_1_16' title='bbox 519 291 754 342; x_wconf 85' lang='lat' dir='ltr'>(St-Supery</span> <span class='ocrx_word' id='word_1_17' title='bbox 771 286 810 341; x_wconf 70' lang='lat' dir='ltr'>l)</span> <span class='ocrx_word' id='word_1_18' title='bbox 830 320 839 338; x_wconf 90' lang='lat'><strong><em>‚</em></strong></span> <span class='ocrx_word' id='word_1_19' title='bbox 880 291 1075 339; x_wconf 76' lang='lat' dir='ltr'>Bithyniae</span> <span class='ocrx_word' id='word_1_20' title='bbox 1114 291 1284 340; x_wconf 85' lang='lat' dir='ltr'>(Thirke</span> <span class='ocrx_word' id='word_1_21' title='bbox 1300 285 1309 329; x_wconf 72' lang='lat' dir='ltr'>l</span> <span class='ocrx_word' id='word_1_22' title='bbox 1327 295 1360 342; x_wconf 85' lang='lat'>),</span> <span class='ocrx_word' id='word_1_23' title='bbox 1401 292 1549 332; x_wconf 70' lang='lat' dir='ltr'>Ciliciae</span> <span class='ocrx_word' id='word_1_24' title='bbox 1592 294 1643 331; x_wconf 92' lang='lat' dir='ltr'>ad</span> <span class='ocrx_word' id='word_1_25' title='bbox 1681 293 1853 332; x_wconf 87' lang='lat' dir='ltr'>Mersina</span> 
     </span>
     <span class='ocr_line' id='line_1_4' title="bbox 158 344 1271 400; baseline 0.002 -13"><span class='ocrx_word' id='word_1_26' title='bbox 158 344 268 399; x_wconf 75' lang='lat' dir='ltr'>(Ball</span> <span class='ocrx_word' id='word_1_27' title='bbox 285 353 315 399; x_wconf 83' lang='lat'>)‚</span> <span class='ocrx_word' id='word_1_28' title='bbox 340 350 463 399; x_wconf 84' lang='lat' dir='ltr'>Syriae</span> <span class='ocrx_word' id='word_1_29' title='bbox 485 362 608 400; x_wconf 83' lang='lat' dir='ltr'>prope</span> <span class='ocrx_word' id='word_1_30' title='bbox 631 351 786 399; x_wconf 90' lang='lat' dir='ltr'>Aleppo</span> <span class='ocrx_word' id='word_1_31' title='bbox 813 348 1056 400; x_wconf 75' lang='lat' dir='ltr'>(Hausskt).</span> <span class='ocrx_word' id='word_1_32' title='bbox 1082 350 1141 388; x_wconf 87' lang='lat' dir='ltr'>Fl.</span> <span class='ocrx_word' id='word_1_33' title='bbox 1168 363 1271 389; x_wconf 85' lang='lat' dir='ltr'>vere.</span> 
     </span>
    </p>

    <p class='ocr_par' dir='ltr' id='par_1_3' title="bbox 155 418 1853 646">
     <span class='ocr_line' id='line_1_5' title="bbox 216 418 1848 469; baseline 0.003 -15"><span class='ocrx_word' id='word_1_34' title='bbox 216 418 365 457; x_wconf 78' lang='lat' dir='ltr'>Plantae</span> <span class='ocrx_word' id='word_1_35' title='bbox 388 419 611 467; x_wconf 85' lang='lat' dir='ltr'>Hispanicae</span> <span class='ocrx_word' id='word_1_36' title='bbox 635 424 672 456; x_wconf 88' lang='lat' dir='ltr'>et</span> <span class='ocrx_word' id='word_1_37' title='bbox 697 418 868 456; x_wconf 84' lang='lat' dir='ltr'>Corsicae</span> <span class='ocrx_word' id='word_1_38' title='bbox 892 419 1093 466; x_wconf 89' lang='lat' dir='ltr'>paululum</span> <span class='ocrx_word' id='word_1_39' title='bbox 1117 419 1300 457; x_wconf 86' lang='lat' dir='ltr'>differunt</span> <span class='ocrx_word' id='word_1_40' title='bbox 1323 419 1428 457; x_wconf 89' lang='lat' dir='ltr'>foliis</span> <span class='ocrx_word' id='word_1_41' title='bbox 1452 421 1501 459; x_wconf 93' lang='lat' dir='ltr'>ob</span> <span class='ocrx_word' id='word_1_42' title='bbox 1523 421 1775 469; x_wconf 85' lang='lat' dir='ltr'><strong>partitionem</strong></span> <span class='ocrx_word' id='word_1_43' title='bbox 1793 421 1848 459; x_wconf 86' lang='lat' dir='ltr'>in-</span> 
     </span>
     <span class='ocr_line' id='line_1_6' title="bbox 157 478 1853 527; baseline 0.003 -13"><span class='ocrx_word' id='word_1_44' title='bbox 157 478 383 515; x_wconf 88' lang='lat' dir='ltr'>termediam</span> <span class='ocrx_word' id='word_1_45' title='bbox 408 480 706 525; x_wconf 83' lang='lat' dir='ltr'>subelongatam</span> <span class='ocrx_word' id='word_1_46' title='bbox 729 478 876 516; x_wconf 87' lang='lat' dir='ltr'>ambitu</span> <span class='ocrx_word' id='word_1_47' title='bbox 902 478 1107 527; x_wconf 82' lang='lat' dir='ltr'>oblongis,</span> <span class='ocrx_word' id='word_1_48' title='bbox 1130 482 1259 516; x_wconf 88' lang='lat' dir='ltr'>rostro</span> <span class='ocrx_word' id='word_1_49' title='bbox 1299 479 1412 527; x_wconf 83' lang='lat' dir='ltr'>apice</span> <span class='ocrx_word' id='word_1_50' title='bbox 1447 480 1641 518; x_wconf 89' lang='lat' dir='ltr'>interdum</span> <span class='ocrx_word' id='word_1_51' title='bbox 1677 484 1853 519; x_wconf 86' lang='lat' dir='ltr'>curvato.</span> 
     </span>
     <span class='ocr_line' id='line_1_7' title="bbox 155 536 1853 588; baseline 0.002 -13"><span class='ocrx_word' id='word_1_52' title='bbox 155 536 200 576; x_wconf 79' lang='lat' dir='ltr'>R.</span> <span class='ocrx_word' id='word_1_53' title='bbox 239 539 528 588; x_wconf 75' lang='lat' dir='ltr'>macroplzyllus</span> <span class='ocrx_word' id='word_1_54' title='bbox 569 537 677 575; x_wconf 86' lang='lat' dir='ltr'>Desf.</span> <span class='ocrx_word' id='word_1_55' title='bbox 716 537 795 575; x_wconf 85' lang='lat' dir='ltr'>Atl.</span> <span class='ocrx_word' id='word_1_56' title='bbox 833 540 893 575; x_wconf 87' lang='lat' dir='ltr'>est</span> <span class='ocrx_word' id='word_1_57' title='bbox 929 536 1062 575; x_wconf 80' lang='lat' dir='ltr'>forsan</span> <span class='ocrx_word' id='word_1_58' title='bbox 1097 541 1246 576; x_wconf 84' lang='lat' dir='ltr'>tantum</span> <span class='ocrx_word' id='word_1_59' title='bbox 1271 537 1389 588; x_wconf 85' lang='lat' dir='ltr'>hujus</span> <span class='ocrx_word' id='word_1_60' title='bbox 1407 541 1576 578; x_wconf 87' lang='lat' dir='ltr'>varietas</span> <span class='ocrx_word' id='word_1_61' title='bbox 1600 540 1705 578; x_wconf 84' lang='lat' dir='ltr'>foliis</span> <span class='ocrx_word' id='word_1_62' title='bbox 1728 540 1853 578; x_wconf 89' lang='lat' dir='ltr'>miuus</span> 
     </span>
     <span class='ocr_line' id='line_1_8' title="bbox 155 596 1336 646; baseline 0.002 -12"><span class='ocrx_word' id='word_1_63' title='bbox 155 596 348 645; x_wconf 84' lang='lat' dir='ltr'>profunde</span> <span class='ocrx_word' id='word_1_64' title='bbox 380 598 547 646; x_wconf 80' lang='lat' dir='ltr'>partitis,</span> <span class='ocrx_word' id='word_1_65' title='bbox 574 597 807 646; x_wconf 82' lang='lat' dir='ltr'>pedunculis</span> <span class='ocrx_word' id='word_1_66' title='bbox 830 596 1042 635; x_wconf 81' lang='lat' dir='ltr'>fructiferis</span> <span class='ocrx_word' id='word_1_67' title='bbox 1065 597 1336 636; x_wconf 67' lang='lat' dir='ltr'>crassioribus</span> 
     </span>
    </p>
   </div>
   <div class='ocr_carea' id='block_1_3' title="bbox 214 662 1734 716">
    <p class='ocr_par' dir='ltr' id='par_1_4' title="bbox 214 662 1734 716">
     <span class='ocr_line' id='line_1_9' title="bbox 214 662 1734 716; baseline 0.002 -14"><span class='ocrx_word' id='word_1_68' title='bbox 214 663 292 704; x_wconf 84' lang='lat' dir='ltr'>Ar.</span> <span class='ocrx_word' id='word_1_69' title='bbox 329 665 492 716; x_wconf 83' lang='lat' dir='ltr'>Geogr.</span> <span class='ocrx_word' id='word_1_70' title='bbox 515 665 705 714; x_wconf 85' lang='lat' dir='ltr'>Hispania</span> <span class='ocrx_word' id='word_1_71' title='bbox 729 665 927 711; x_wconf 85' lang='lat' dir='ltr'>australis,</span> <span class='ocrx_word' id='word_1_72' title='bbox 952 663 1125 714; x_wconf 84' lang='lat' dir='ltr'>Corsica,</span> <span class='ocrx_word' id='word_1_73' title='bbox 1152 664 1344 716; x_wconf 81' lang='lat' dir='ltr'>Sardinia,</span> <span class='ocrx_word' id='word_1_74' title='bbox 1373 666 1507 705; x_wconf 85' lang='lat' dir='ltr'>Africa</span> <span class='ocrx_word' id='word_1_75' title='bbox 1532 662 1734 705; x_wconf 84' lang='lat' dir='ltr'>borealis?</span> 
     </span>
    </p>
   </div>
   <div class='ocr_carea' id='block_1_4' title="bbox 158 802 1858 1160">
    <p class='ocr_par' dir='ltr' id='par_1_5' title="bbox 158 802 1858 1095">
     <span class='ocr_line' id='line_1_10' title="bbox 217 802 1853 860; baseline -0.001 -12"><span class='ocrx_word' id='word_1_76' title='bbox 217 805 278 847; x_wconf 88' lang='lat' dir='ltr'>R.</span> <span class='ocrx_word' id='word_1_77' title='bbox 321 805 748 860; x_wconf 81' lang='lat' dir='ltr'>Neapolitanus</span> <span class='ocrx_word' id='word_1_78' title='bbox 777 803 900 859; x_wconf 84' lang='lat' dir='ltr'>(Ten.</span> <span class='ocrx_word' id='word_1_79' title='bbox 933 803 1030 860; x_wconf 80' lang='lat' dir='ltr'>Syll.</span> <span class='ocrx_word' id='word_1_80' title='bbox 1061 817 1102 860; x_wconf 91' lang='lat' dir='ltr'>p.</span> <span class='ocrx_word' id='word_1_81' title='bbox 1136 802 1248 860; x_wconf 65' lang='lat'>⁶272)</span> <span class='ocrx_word' id='word_1_82' title='bbox 1286 803 1489 860; x_wconf 85' lang='lat' dir='ltr'>adpresse</span> <span class='ocrx_word' id='word_1_83' title='bbox 1516 803 1731 856; x_wconf 81' lang='lat' dir='ltr'>hirsutus,</span> <span class='ocrx_word' id='word_1_84' title='bbox 1766 803 1853 846; x_wconf 85' lang='lat' dir='ltr'>rhi-</span> 
     </span>
     <span class='ocr_line' id='line_1_11' title="bbox 159 861 1856 919; baseline 0 -15"><span class='ocrx_word' id='word_1_85' title='bbox 159 869 321 905; x_wconf 83' lang='lat' dir='ltr'>zoniatc</span> <span class='ocrx_word' id='word_1_86' title='bbox 350 862 602 905; x_wconf 86' lang='lat' dir='ltr'>brevissimo</span> <span class='ocrx_word' id='word_1_87' title='bbox 630 862 761 904; x_wconf 85' lang='lat' dir='ltr'>fibras</span> <span class='ocrx_word' id='word_1_88' title='bbox 787 861 1097 919; x_wconf 86' lang='lat' dir='ltr'>napuliformes</span> <span class='ocrx_word' id='word_1_89' title='bbox 1136 861 1392 904; x_wconf 87' lang='lat' dir='ltr'>incrassatas</span> <span class='ocrx_word' id='word_1_90' title='bbox 1421 862 1586 915; x_wconf 78' lang='lat' dir='ltr'>edenti,</span> <span class='ocrx_word' id='word_1_91' title='bbox 1622 862 1733 905; x_wconf 91' lang='lat' dir='ltr'>soliis</span> <span class='ocrx_word' id='word_1_92' title='bbox 1767 876 1856 905; x_wconf 84' lang='lat' dir='ltr'>am-</span> 
     </span>
     <span class='ocr_line' id='line_1_12' title="bbox 159 920 1858 978; baseline 0 -15"><span class='ocrx_word' id='word_1_93' title='bbox 159 920 247 963; x_wconf 88' lang='lat' dir='ltr'>bitu</span> <span class='ocrx_word' id='word_1_94' title='bbox 289 920 685 964; x_wconf 78' lang='lat' dir='ltr'>ovato-orbiculatis</span> <span class='ocrx_word' id='word_1_95' title='bbox 720 920 945 978; x_wconf 85' lang='lat' dir='ltr'>tripartitis</span> <span class='ocrx_word' id='word_1_96' title='bbox 987 920 1290 977; x_wconf 71' lang='lat' dir='ltr'>partitionibus</span> <span class='ocrx_word' id='word_1_97' title='bbox 1326 920 1474 964; x_wconf 86' lang='lat' dir='ltr'>incisis</span> <span class='ocrx_word' id='word_1_98' title='bbox 1510 920 1858 978; x_wconf 87' lang='lat' dir='ltr'>acutiusculeque</span> 
     </span>
     <span class='ocr_line' id='line_1_13' title="bbox 159 978 1858 1036; baseline 0 -14"><span class='ocrx_word' id='word_1_99' title='bbox 159 980 368 1032; x_wconf 78' lang='lat' dir='ltr'>dentatis,</span> <span class='ocrx_word' id='word_1_100' title='bbox 405 979 658 1036; x_wconf 86' lang='lat' dir='ltr'>pedunculis</span> <span class='ocrx_word' id='word_1_101' title='bbox 701 979 934 1035; x_wconf 78' lang='lat' dir='ltr'>gracilibus</span> <span class='ocrx_word' id='word_1_102' title='bbox 977 978 1148 1022; x_wconf 85' lang='lat' dir='ltr'>sulcatis</span> <span class='ocrx_word' id='word_1_103' title='bbox 1190 979 1386 1036; x_wconf 85' lang='lat' dir='ltr'>carpellis</span> <span class='ocrx_word' id='word_1_104' title='bbox 1429 979 1677 1023; x_wconf 84' lang='lat' dir='ltr'>orbiculatis</span> <span class='ocrx_word' id='word_1_105' title='bbox 1719 988 1858 1023; x_wconf 85' lang='lat' dir='ltr'>rostro</span> 
     </span>
     <span class='ocr_line' id='line_1_14' title="bbox 158 1037 1079 1095; baseline -0.002 -13"><span class='ocrx_word' id='word_1_106' title='bbox 158 1038 410 1082; x_wconf 84' lang='lat' dir='ltr'>brevissimo</span> <span class='ocrx_word' id='word_1_107' title='bbox 439 1038 587 1081; x_wconf 90' lang='lat' dir='ltr'>conico</span> <span class='ocrx_word' id='word_1_108' title='bbox 616 1044 731 1080; x_wconf 85' lang='lat' dir='ltr'>recto</span> <span class='ocrx_word' id='word_1_109' title='bbox 759 1037 982 1095; x_wconf 87' lang='lat' dir='ltr'>apiculatis</span> <span class='ocrx_word' id='word_1_110' title='bbox 1018 1046 1055 1087; x_wconf 70' lang='lat'>26</span> <span class='ocrx_word' id='word_1_111' title='bbox 1071 1072 1079 1080; x_wconf 89' lang='lat'>.</span> 
     </span>
    </p>

    <p class='ocr_par' dir='ltr' id='par_1_6' title="bbox 218 1106 1858 1160">
     <span class='ocr_line' id='line_1_15' title="bbox 218 1106 1858 1160; baseline 0 -14"><span class='ocrx_word' id='word_1_112' title='bbox 218 1109 318 1147; x_wconf 88' lang='lat' dir='ltr'>Hab.</span> <span class='ocrx_word' id='word_1_113' title='bbox 345 1109 384 1145; x_wconf 94' lang='lat' dir='ltr'>in</span> <span class='ocrx_word' id='word_1_114' title='bbox 409 1109 531 1157; x_wconf 88' lang='lat' dir='ltr'>pratis</span> <span class='ocrx_word' id='word_1_115' title='bbox 556 1112 594 1146; x_wconf 86' lang='lat' dir='ltr'>et</span> <span class='ocrx_word' id='word_1_116' title='bbox 617 1108 800 1145; x_wconf 87' lang='lat' dir='ltr'>demissis</span> <span class='ocrx_word' id='word_1_117' title='bbox 827 1106 1013 1155; x_wconf 86' lang='lat' dir='ltr'>Graeciae,</span> <span class='ocrx_word' id='word_1_118' title='bbox 1041 1107 1207 1145; x_wconf 83' lang='lat' dir='ltr'>Athenis</span> <span class='ocrx_word' id='word_1_119' title='bbox 1231 1107 1270 1144; x_wconf 93' lang='lat' dir='ltr'>in</span> <span class='ocrx_word' id='word_1_120' title='bbox 1296 1107 1442 1146; x_wconf 86' lang='lat' dir='ltr'>oliveto</span> <span class='ocrx_word' id='word_1_121' title='bbox 1470 1106 1632 1160; x_wconf 74' lang='lat' dir='ltr'>(Spruni</span> <span class='ocrx_word' id='word_1_122' title='bbox 1649 1106 1682 1160; x_wconf 92' lang='lat'>)‚</span> <span class='ocrx_word' id='word_1_123' title='bbox 1708 1109 1758 1146; x_wconf 88' lang='lat' dir='ltr'>ad</span> <span class='ocrx_word' id='word_1_124' title='bbox 1780 1108 1858 1146; x_wconf 87' lang='lat' dir='ltr'>Ke-</span> 
     </span>
    </p>
   </div>
   <div class='ocr_carea' id='block_1_5' title="bbox 160 1161 1859 1281">
    <p class='ocr_par' dir='ltr' id='par_1_7' title="bbox 160 1161 1859 1281">
     <span class='ocr_line' id='line_1_16' title="bbox 160 1161 1859 1224; baseline 0 -19"><span class='ocrx_word' id='word_1_125' title='bbox 160 1168 348 1217; x_wconf 86' lang='lat' dir='ltr'>phissiam</span> <span class='ocrx_word' id='word_1_126' title='bbox 369 1161 529 1224; x_wconf 78' lang='lat' dir='ltr'>(Heldrl</span> <span class='ocrx_word' id='word_1_127' title='bbox 552 1168 588 1218; x_wconf 87' lang='lat'>)‚</span> <span class='ocrx_word' id='word_1_128' title='bbox 613 1167 737 1205; x_wconf 82' lang='lat' dir='ltr'>Cretae</span> <span class='ocrx_word' id='word_1_129' title='bbox 760 1167 809 1204; x_wconf 93' lang='lat' dir='ltr'>ad</span> <span class='ocrx_word' id='word_1_130' title='bbox 837 1167 996 1204; x_wconf 87' lang='lat' dir='ltr'>Khania</span> <span class='ocrx_word' id='word_1_131' title='bbox 1024 1165 1246 1215; x_wconf 77' lang='lat' dir='ltr'>(Raulinl),</span> <span class='ocrx_word' id='word_1_132' title='bbox 1264 1167 1370 1205; x_wconf 61' lang='lat' dir='ltr'>Asia}</span> <span class='ocrx_word' id='word_1_133' title='bbox 1393 1168 1555 1206; x_wconf 82' lang='lat' dir='ltr'>minoris</span> <span class='ocrx_word' id='word_1_134' title='bbox 1579 1168 1629 1206; x_wconf 87' lang='lat' dir='ltr'>ad</span> <span class='ocrx_word' id='word_1_135' title='bbox 1653 1167 1859 1217; x_wconf 85' lang='lat' dir='ltr'>Smyrnam</span> 
     </span>
     <span class='ocr_line' id='line_1_17' title="bbox 165 1221 1099 1281; baseline -0.002 -16"><span class='ocrx_word' id='word_1_136' title='bbox 165 1221 360 1280; x_wconf 73' lang='lat' dir='ltr'>(Boissl),</span> <span class='ocrx_word' id='word_1_137' title='bbox 388 1228 427 1265; x_wconf 88' lang='lat' dir='ltr'>in</span> <span class='ocrx_word' id='word_1_138' title='bbox 451 1227 604 1265; x_wconf 90' lang='lat' dir='ltr'>Libano</span> <span class='ocrx_word' id='word_1_139' title='bbox 631 1223 698 1281; x_wconf 86' lang='lat' dir='ltr'>(Bl</span> <span class='ocrx_word' id='word_1_140' title='bbox 714 1226 722 1264; x_wconf 74' lang='lat' dir='ltr'>i</span> <span class='ocrx_word' id='word_1_141' title='bbox 741 1226 770 1277; x_wconf 90' lang='lat'>).</span> <span class='ocrx_word' id='word_1_142' title='bbox 795 1227 855 1264; x_wconf 86' lang='lat' dir='ltr'>Fl.</span> <span class='ocrx_word' id='word_1_143' title='bbox 881 1228 956 1263; x_wconf 90' lang='lat' dir='ltr'>fine</span> <span class='ocrx_word' id='word_1_144' title='bbox 979 1226 1099 1264; x_wconf 88' lang='lat' dir='ltr'>veris.</span> 
     </span>
    </p>
   </div>
   <div class='ocr_carea' id='block_1_6' title="bbox 161 1290 1861 1642">
    <p class='ocr_par' dir='ltr' id='par_1_8' title="bbox 161 1290 1861 1642">
     <span class='ocr_line' id='line_1_18' title="bbox 223 1290 1858 1348; baseline 0.001 -15"><span class='ocrx_word' id='word_1_145' title='bbox 223 1296 352 1333; x_wconf 86' lang='lat' dir='ltr'>Variis</span> <span class='ocrx_word' id='word_1_146' title='bbox 374 1296 568 1334; x_wconf 85' lang='lat' dir='ltr'>botanicis</span> <span class='ocrx_word' id='word_1_147' title='bbox 591 1295 764 1332; x_wconf 88' lang='lat' dir='ltr'>varietas</span> <span class='ocrx_word' id='word_1_148' title='bbox 787 1294 832 1333; x_wconf 77' lang='lat' dir='ltr'>R.</span> <span class='ocrx_word' id='word_1_149' title='bbox 861 1295 1011 1333; x_wconf 70' lang='lat' dir='ltr'>bulbosz‘</span> <span class='ocrx_word' id='word_1_150' title='bbox 1035 1294 1081 1333; x_wconf 89' lang='lat' dir='ltr'>L.</span> <span class='ocrx_word' id='word_1_151' title='bbox 1102 1290 1161 1348; x_wconf 81' lang='lat' dir='ltr'>(R.</span> <span class='ocrx_word' id='word_1_152' title='bbox 1186 1294 1467 1345; x_wconf 75' lang='lat' dir='ltr'>Neapolitanus</span> <span class='ocrx_word' id='word_1_153' title='bbox 1490 1295 1636 1344; x_wconf 84' lang='lat' dir='ltr'>Bourg.</span> <span class='ocrx_word' id='word_1_154' title='bbox 1668 1296 1721 1344; x_wconf 92' lang='lat' dir='ltr'>pl.</span> <span class='ocrx_word' id='word_1_155' title='bbox 1742 1297 1858 1344; x_wconf 90' lang='lat' dir='ltr'>Hisp.</span> 
     </span>
     <span class='ocr_line' id='line_1_19' title="bbox 161 1352 1856 1406; baseline 0 -12"><span class='ocrx_word' id='word_1_156' title='bbox 161 1367 243 1394; x_wconf 83' lang='lat' dir='ltr'>exs.</span> <span class='ocrx_word' id='word_1_157' title='bbox 277 1361 321 1392; x_wconf 93' lang='lat' dir='ltr'>n⁰</span> <span class='ocrx_word' id='word_1_158' title='bbox 360 1353 416 1394; x_wconf 73' lang='lat'>12</span> <span class='ocrx_word' id='word_1_159' title='bbox 456 1359 494 1393; x_wconf 86' lang='lat' dir='ltr'>et</span> <span class='ocrx_word' id='word_1_160' title='bbox 526 1361 570 1392; x_wconf 88' lang='lat' dir='ltr'>n0</span> <span class='ocrx_word' id='word_1_161' title='bbox 603 1352 720 1394; x_wconf 85' lang='lat'>1750</span> <span class='ocrx_word' id='word_1_162' title='bbox 745 1358 804 1392; x_wconf 85' lang='lat' dir='ltr'>est</span> <span class='ocrx_word' id='word_1_163' title='bbox 828 1355 873 1393; x_wconf 80' lang='lat' dir='ltr'>R.</span> <span class='ocrx_word' id='word_1_164' title='bbox 914 1355 1149 1406; x_wconf 74' lang='lat' dir='ltr'>bulbosusl)</span> <span class='ocrx_word' id='word_1_165' title='bbox 1177 1366 1237 1392; x_wconf 88' lang='lat' dir='ltr'>me</span> <span class='ocrx_word' id='word_1_166' title='bbox 1256 1355 1392 1404; x_wconf 86' lang='lat' dir='ltr'>judice</span> <span class='ocrx_word' id='word_1_167' title='bbox 1419 1356 1541 1394; x_wconf 84' lang='lat' dir='ltr'>multo</span> <span class='ocrx_word' id='word_1_168' title='bbox 1577 1355 1701 1404; x_wconf 84' lang='lat' dir='ltr'>magis</span> <span class='ocrx_word' id='word_1_169' title='bbox 1727 1355 1856 1394; x_wconf 85' lang='lat' dir='ltr'>affinis</span> 
     </span>
     <span class='ocr_line' id='line_1_20' title="bbox 161 1415 1860 1464; baseline -0.001 -11"><span class='ocrx_word' id='word_1_170' title='bbox 161 1416 399 1464; x_wconf 85' lang='lat' dir='ltr'>praecedenti</span> <span class='ocrx_word' id='word_1_171' title='bbox 420 1427 444 1453; x_wconf 87' lang='lat' dir='ltr'>a</span> <span class='ocrx_word' id='word_1_172' title='bbox 469 1427 544 1464; x_wconf 89' lang='lat' dir='ltr'>quo</span> <span class='ocrx_word' id='word_1_173' title='bbox 582 1415 715 1452; x_wconf 80' lang='lat' dir='ltr'>habitu</span> <span class='ocrx_word' id='word_1_174' title='bbox 738 1415 947 1462; x_wconf 85' lang='lat' dir='ltr'>graciliore</span> <span class='ocrx_word' id='word_1_175' title='bbox 964 1445 973 1463; x_wconf 89' lang='lat'>,</span> <span class='ocrx_word' id='word_1_176' title='bbox 998 1415 1223 1453; x_wconf 86' lang='lat' dir='ltr'>indumento</span> <span class='ocrx_word' id='word_1_177' title='bbox 1246 1415 1438 1463; x_wconf 85' lang='lat' dir='ltr'>adpresso</span> <span class='ocrx_word' id='word_1_178' title='bbox 1478 1417 1517 1452; x_wconf 85' lang='lat' dir='ltr'>et</span> <span class='ocrx_word' id='word_1_179' title='bbox 1552 1415 1700 1453; x_wconf 85' lang='lat' dir='ltr'>radicis</span> <span class='ocrx_word' id='word_1_180' title='bbox 1727 1416 1860 1454; x_wconf 88' lang='lat' dir='ltr'>indole</span> 
     </span>
     <span class='ocr_line' id='line_1_21' title="bbox 162 1471 1858 1527; baseline 0 -15"><span class='ocrx_word' id='word_1_181' title='bbox 162 1478 313 1513; x_wconf 86' lang='lat' dir='ltr'>tantum</span> <span class='ocrx_word' id='word_1_182' title='bbox 350 1475 491 1512; x_wconf 84' lang='lat' dir='ltr'>differt.</span> <span class='ocrx_word' id='word_1_183' title='bbox 530 1474 576 1513; x_wconf 79' lang='lat' dir='ltr'>R.</span> <span class='ocrx_word' id='word_1_184' title='bbox 616 1475 921 1523; x_wconf 63' lang='lat' dir='ltr'>kericherz‘solius</span> <span class='ocrx_word' id='word_1_185' title='bbox 944 1474 1068 1513; x_wconf 89' lang='lat' dir='ltr'>Presl.</span> <span class='ocrx_word' id='word_1_186' title='bbox 1102 1487 1123 1513; x_wconf 89' lang='lat' dir='ltr'>e</span> <span class='ocrx_word' id='word_1_187' title='bbox 1147 1474 1281 1514; x_wconf 76' lang='lat' dir='ltr'>Sicilia</span> <span class='ocrx_word' id='word_1_188' title='bbox 1315 1471 1399 1527; x_wconf 86' lang='lat' dir='ltr'>(cui</span> <span class='ocrx_word' id='word_1_189' title='bbox 1427 1475 1473 1513; x_wconf 81' lang='lat' dir='ltr'>R.</span> <span class='ocrx_word' id='word_1_190' title='bbox 1503 1475 1700 1524; x_wconf 71' lang='lat' dir='ltr'>pratensis</span> <span class='ocrx_word' id='word_1_191' title='bbox 1734 1475 1858 1513; x_wconf 88' lang='lat' dir='ltr'>Presl.</span> 
     </span>
     <span class='ocr_line' id='line_1_22' title="bbox 165 1533 1861 1585; baseline 0.001 -13"><span class='ocrx_word' id='word_1_192' title='bbox 165 1546 319 1583; x_wconf 89' lang='lat' dir='ltr'>quoque</span> <span class='ocrx_word' id='word_1_193' title='bbox 341 1535 613 1583; x_wconf 87' lang='lat' dir='ltr'>associandus)</span> <span class='ocrx_word' id='word_1_194' title='bbox 630 1534 675 1573; x_wconf 80' lang='lat' dir='ltr'>R.</span> <span class='ocrx_word' id='word_1_195' title='bbox 690 1533 945 1585; x_wconf 71' lang='lat' dir='ltr'>Neapolitano</span> <span class='ocrx_word' id='word_1_196' title='bbox 968 1547 991 1573; x_wconf 89' lang='lat' dir='ltr'>a</span> <span class='ocrx_word' id='word_1_197' title='bbox 1014 1534 1062 1573; x_wconf 83' lang='lat' dir='ltr'>ol.</span> <span class='ocrx_word' id='word_1_198' title='bbox 1083 1533 1264 1573; x_wconf 83' lang='lat' dir='ltr'>Gussone</span> <span class='ocrx_word' id='word_1_199' title='bbox 1282 1534 1503 1573; x_wconf 85' lang='lat' dir='ltr'>associatus</span> <span class='ocrx_word' id='word_1_200' title='bbox 1528 1534 1684 1573; x_wconf 87' lang='lat' dir='ltr'>differre</span> <span class='ocrx_word' id='word_1_201' title='bbox 1706 1535 1861 1573; x_wconf 89' lang='lat' dir='ltr'>videtur</span> 
     </span>
     <span class='ocr_line' id='line_1_23' title="bbox 166 1594 722 1642; baseline 0.004 -11"><span class='ocrx_word' id='word_1_202' title='bbox 166 1598 296 1632; x_wconf 87' lang='lat' dir='ltr'>rostro</span> <span class='ocrx_word' id='word_1_203' title='bbox 319 1594 498 1642; x_wconf 84' lang='lat' dir='ltr'>longiore</span> <span class='ocrx_word' id='word_1_204' title='bbox 521 1595 722 1633; x_wconf 85' lang='lat' dir='ltr'>uncinato.</span> 
     </span>
    </p>
   </div>
   <div class='ocr_carea' id='block_1_7' title="bbox 222 1659 841 1712">
    <p class='ocr_par' dir='ltr' id='par_1_9' title="bbox 222 1659 841 1712">
     <span class='ocr_line' id='line_1_24' title="bbox 222 1659 841 1712; baseline 0.005 -14"><span class='ocrx_word' id='word_1_205' title='bbox 222 1659 298 1700; x_wconf 84' lang='lat' dir='ltr'>Ar.</span> <span class='ocrx_word' id='word_1_206' title='bbox 323 1660 485 1712; x_wconf 84' lang='lat' dir='ltr'>Geogr.</span> <span class='ocrx_word' id='word_1_207' title='bbox 510 1663 624 1701; x_wconf 87' lang='lat' dir='ltr'>Italia</span> <span class='ocrx_word' id='word_1_208' title='bbox 647 1663 841 1701; x_wconf 83' lang='lat' dir='ltr'>australis.</span> 
     </span>
    </p>
   </div>
   <div class='ocr_carea' id='block_1_8' title="bbox 165 1804 1865 1981">
    <p class='ocr_par' dir='ltr' id='par_1_10' title="bbox 165 1804 1865 1981">
     <span class='ocr_line' id='line_1_25' title="bbox 222 1804 1862 1863; baseline -0.001 -13"><span class='ocrx_word' id='word_1_209' title='bbox 222 1807 282 1849; x_wconf 83' lang='lat' dir='ltr'>R.</span> <span class='ocrx_word' id='word_1_210' title='bbox 326 1807 618 1850; x_wconf 88' lang='lat' dir='ltr'>bulbosus</span> <span class='ocrx_word' id='word_1_211' title='bbox 662 1806 732 1861; x_wconf 91' lang='lat' dir='ltr'>(L.</span> <span class='ocrx_word' id='word_1_212' title='bbox 765 1805 835 1863; x_wconf 84' lang='lat' dir='ltr'>Sp.</span> <span class='ocrx_word' id='word_1_213' title='bbox 868 1804 977 1863; x_wconf 80' lang='lat'>778&gt;</span> <span class='ocrx_word' id='word_1_214' title='bbox 1014 1805 1110 1862; x_wconf 87' lang='lat' dir='ltr'>plus</span> <span class='ocrx_word' id='word_1_215' title='bbox 1146 1805 1339 1848; x_wconf 89' lang='lat' dir='ltr'>minusve</span> <span class='ocrx_word' id='word_1_216' title='bbox 1376 1805 1586 1858; x_wconf 85' lang='lat' dir='ltr'>hirsutus,</span> <span class='ocrx_word' id='word_1_217' title='bbox 1626 1805 1862 1848; x_wconf 85' lang='lat' dir='ltr'>rliizomate</span> 
     </span>
     <span class='ocr_line' id='line_1_26' title="bbox 165 1863 1863 1908; baseline 0.001 -2"><span class='ocrx_word' id='word_1_218' title='bbox 165 1864 400 1907; x_wconf 87' lang='lat' dir='ltr'>incrassato</span> <span class='ocrx_word' id='word_1_219' title='bbox 428 1864 677 1908; x_wconf 86' lang='lat' dir='ltr'>bulbisormi</span> <span class='ocrx_word' id='word_1_220' title='bbox 706 1865 837 1908; x_wconf 86' lang='lat' dir='ltr'>fibras</span> <span class='ocrx_word' id='word_1_221' title='bbox 865 1871 1015 1908; x_wconf 89' lang='lat' dir='ltr'>tenues</span> <span class='ocrx_word' id='word_1_222' title='bbox 1042 1863 1198 1907; x_wconf 82' lang='lat' dir='ltr'>edenti.</span> <span class='ocrx_word' id='word_1_223' title='bbox 1231 1863 1343 1907; x_wconf 85' lang='lat' dir='ltr'>foliis</span> <span class='ocrx_word' id='word_1_224' title='bbox 1370 1864 1503 1907; x_wconf 89' lang='lat' dir='ltr'>radic.</span> <span class='ocrx_word' id='word_1_225' title='bbox 1541 1863 1703 1907; x_wconf 88' lang='lat' dir='ltr'>ambitu</span> <span class='ocrx_word' id='word_1_226' title='bbox 1730 1863 1863 1908; x_wconf 82' lang='lat' dir='ltr'>ovatis</span> 
     </span>
     <span class='ocr_line' id='line_1_27' title="bbox 166 1922 1865 1981; baseline 0.001 -16"><span class='ocrx_word' id='word_1_227' title='bbox 166 1922 350 1966; x_wconf 78' lang='lat' dir='ltr'>trisectis</span> <span class='ocrx_word' id='word_1_228' title='bbox 377 1923 608 1979; x_wconf 75' lang='lat' dir='ltr'>segmentis</span> <span class='ocrx_word' id='word_1_229' title='bbox 635 1923 780 1967; x_wconf 89' lang='lat' dir='ltr'>incisis</span> <span class='ocrx_word' id='word_1_230' title='bbox 806 1924 871 1967; x_wconf 87' lang='lat' dir='ltr'>vel</span> <span class='ocrx_word' id='word_1_231' title='bbox 897 1923 1064 1981; x_wconf 88' lang='lat' dir='ltr'>partitis</span> <span class='ocrx_word' id='word_1_232' title='bbox 1093 1922 1307 1966; x_wconf 84' lang='lat' dir='ltr'>terminali</span> <span class='ocrx_word' id='word_1_233' title='bbox 1324 1923 1590 1980; x_wconf 84' lang='lat' dir='ltr'>petiolulato‚</span> <span class='ocrx_word' id='word_1_234' title='bbox 1611 1922 1865 1980; x_wconf 83' lang='lat' dir='ltr'>pedunculis</span> 
     </span>
    </p>
   </div>
   <div class='ocr_carea' id='block_1_9' title="bbox 165 1981 1864 2097">
    <p class='ocr_par' dir='ltr' id='par_1_11' title="bbox 165 1981 1864 2097">
     <span class='ocr_line' id='line_1_28' title="bbox 165 1981 1864 2039; baseline 0.001 -15"><span class='ocrx_word' id='word_1_235' title='bbox 165 1981 356 2034; x_wconf 77' lang='lat' dir='ltr'>sulcatis,</span> <span class='ocrx_word' id='word_1_236' title='bbox 387 1982 585 2039; x_wconf 88' lang='lat' dir='ltr'>carpellis</span> <span class='ocrx_word' id='word_1_237' title='bbox 613 1982 744 2026; x_wconf 83' lang='lat' dir='ltr'>ovatis</span> <span class='ocrx_word' id='word_1_238' title='bbox 761 1982 804 2024; x_wconf 92' lang='lat' dir='ltr'>in</span> <span class='ocrx_word' id='word_1_239' title='bbox 832 1989 1020 2025; x_wconf 89' lang='lat' dir='ltr'>rostrum</span> <span class='ocrx_word' id='word_1_240' title='bbox 1038 1981 1338 2025; x_wconf 78' lang='lat' dir='ltr'>brevissimum</span> <span class='ocrx_word' id='word_1_241' title='bbox 1366 1989 1588 2025; x_wconf 88' lang='lat' dir='ltr'>arcuatum</span> <span class='ocrx_word' id='word_1_242' title='bbox 1607 1981 1864 2025; x_wconf 86' lang='lat' dir='ltr'>abeuntibus</span> 
     </span>
     <span class='ocr_line' id='line_1_29' title="bbox 174 2040 752 2097; baseline 0.002 -14"><span class='ocrx_word' id='word_1_243' title='bbox 174 2048 235 2089; x_wconf 67' lang='lat'>26.</span> <span class='ocrx_word' id='word_1_244' title='bbox 268 2040 322 2083; x_wconf 90' lang='lat' dir='ltr'>Ic.</span> <span class='ocrx_word' id='word_1_245' title='bbox 355 2041 489 2083; x_wconf 83' lang='lat' dir='ltr'>Rclib.</span> <span class='ocrx_word' id='word_1_246' title='bbox 521 2040 592 2097; x_wconf 80' lang='lat' dir='ltr'>fig.</span> <span class='ocrx_word' id='word_1_247' title='bbox 623 2040 752 2084; x_wconf 71' lang='lat'>4611.</span> 
     </span>
    </p>
   </div>
   <div class='ocr_carea' id='block_1_10' title="bbox 164 2106 1861 2346">
    <p class='ocr_par' dir='ltr' id='par_1_12' title="bbox 164 2106 1861 2269">
     <span class='ocr_line' id='line_1_30' title="bbox 223 2106 1861 2166; baseline 0 -18"><span class='ocrx_word' id='word_1_248' title='bbox 223 2111 322 2148; x_wconf 87' lang='lat' dir='ltr'>Hab.</span> <span class='ocrx_word' id='word_1_249' title='bbox 348 2111 387 2148; x_wconf 91' lang='lat' dir='ltr'>in</span> <span class='ocrx_word' id='word_1_250' title='bbox 412 2111 534 2159; x_wconf 85' lang='lat' dir='ltr'>pratis</span> <span class='ocrx_word' id='word_1_251' title='bbox 560 2111 800 2149; x_wconf 81' lang='lat' dir='ltr'>Macedoniae</span> <span class='ocrx_word' id='word_1_252' title='bbox 826 2109 1000 2162; x_wconf 87' lang='lat' dir='ltr'>(Frider!</span> <span class='ocrx_word' id='word_1_253' title='bbox 1018 2114 1049 2158; x_wconf 86' lang='lat'>),</span> <span class='ocrx_word' id='word_1_254' title='bbox 1078 2109 1259 2149; x_wconf 77' lang='lat' dir='ltr'>Thraciae</span> <span class='ocrx_word' id='word_1_255' title='bbox 1283 2106 1497 2166; x_wconf 84' lang='lat' dir='ltr'>(Griseb.),</span> <span class='ocrx_word' id='word_1_256' title='bbox 1532 2111 1677 2149; x_wconf 83' lang='lat' dir='ltr'>Persiae</span> <span class='ocrx_word' id='word_1_257' title='bbox 1704 2111 1790 2149; x_wconf 91' lang='lat' dir='ltr'>bor.</span> <span class='ocrx_word' id='word_1_258' title='bbox 1819 2111 1861 2148; x_wconf 92' lang='lat' dir='ltr'>in</span> 
     </span>
     <span class='ocr_line' id='line_1_31' title="bbox 164 2168 1861 2222; baseline 0.001 -16"><span class='ocrx_word' id='word_1_259' title='bbox 164 2174 293 2208; x_wconf 86' lang='lat' dir='ltr'>monte</span> <span class='ocrx_word' id='word_1_260' title='bbox 318 2171 459 2208; x_wconf 83' lang='lat' dir='ltr'>Elbrus</span> <span class='ocrx_word' id='word_1_261' title='bbox 483 2182 602 2218; x_wconf 65' lang='lat' dir='ltr'>prop(²</span> <span class='ocrx_word' id='word_1_262' title='bbox 629 2171 813 2209; x_wconf 75' lang='lat' dir='ltr'>Dei-bend</span> <span class='ocrx_word' id='word_1_263' title='bbox 838 2170 928 2222; x_wconf 79' lang='lat' dir='ltr'><strong>(Ky.</strong></span> <span class='ocrx_word' id='word_1_264' title='bbox 953 2182 1034 2209; x_wconf 78' lang='lat' dir='ltr'>exs.</span> <span class='ocrx_word' id='word_1_265' title='bbox 1060 2168 1142 2208; x_wconf 77' lang='lat'>141</span> <span class='ocrx_word' id='word_1_266' title='bbox 1164 2187 1190 2211; x_wconf 83' lang='grc' dir='ltr'>α</span> <span class='ocrx_word' id='word_1_267' title='bbox 1218 2169 1264 2222; x_wconf 76' lang='grc' dir='ltr'>Σ).</span> <span class='ocrx_word' id='word_1_268' title='bbox 1289 2171 1554 2209; x_wconf 86' lang='lat' dir='ltr'>Probabiliter</span> <span class='ocrx_word' id='word_1_269' title='bbox 1577 2171 1616 2208; x_wconf 91' lang='lat' dir='ltr'>in</span> <span class='ocrx_word' id='word_1_270' title='bbox 1641 2169 1796 2209; x_wconf 73' lang='lat' dir='ltr'>Graecia</span> <span class='ocrx_word' id='word_1_271' title='bbox 1821 2173 1861 2208; x_wconf 79' lang='lat' dir='ltr'>et</span> 
     </span>
     <span class='ocr_line' id='line_1_32' title="bbox 165 2229 839 2269; baseline 0.001 -2"><span class='ocrx_word' id='word_1_272' title='bbox 165 2229 262 2267; x_wconf 56' lang='lat' dir='ltr'>Asia]</span> <span class='ocrx_word' id='word_1_273' title='bbox 286 2230 434 2268; x_wconf 84' lang='lat' dir='ltr'>minore</span> <span class='ocrx_word' id='word_1_274' title='bbox 462 2230 624 2269; x_wconf 88' lang='lat' dir='ltr'>boreali.</span> <span class='ocrx_word' id='word_1_275' title='bbox 649 2230 708 2269; x_wconf 86' lang='lat' dir='ltr'>Fl.</span> <span class='ocrx_word' id='word_1_276' title='bbox 734 2242 839 2269; x_wconf 74' lang='lat' dir='ltr'>vere.</span> 
     </span>
    </p>

    <p class='ocr_par' dir='ltr' id='par_1_13' title="bbox 226 2295 1216 2346">
     <span class='ocr_line' id='line_1_33' title="bbox 226 2295 1216 2346; baseline 0.001 -12"><span class='ocrx_word' id='word_1_277' title='bbox 226 2295 303 2334; x_wconf 85' lang='lat' dir='ltr'>Ar.</span> <span class='ocrx_word' id='word_1_278' title='bbox 337 2296 500 2346; x_wconf 83' lang='lat' dir='ltr'>Geogr.</span> <span class='ocrx_word' id='word_1_279' title='bbox 529 2298 689 2345; x_wconf 87' lang='lat' dir='ltr'>Europa</span> <span class='ocrx_word' id='word_1_280' title='bbox 711 2301 794 2335; x_wconf 81' lang='lat' dir='ltr'>tota-</span> <span class='ocrx_word' id='word_1_281' title='bbox 815 2297 987 2336; x_wconf 88' lang='lat' dir='ltr'>borealis</span> <span class='ocrx_word' id='word_1_282' title='bbox 1013 2300 1052 2335; x_wconf 88' lang='lat' dir='ltr'>et</span> <span class='ocrx_word' id='word_1_283' title='bbox 1073 2297 1216 2335; x_wconf 81' lang='lat' dir='ltr'>media.</span> 
     </span>
    </p>
   </div>
   <div class='ocr_carea' id='block_1_11' title="bbox 168 2449 1866 2982">
    <p class='ocr_par' dir='ltr' id='par_1_14' title="bbox 168 2449 1866 2918">
     <span class='ocr_line' id='line_1_34' title="bbox 224 2449 1863 2506; baseline -0.001 -12"><span class='ocrx_word' id='word_1_284' title='bbox 224 2452 285 2494; x_wconf 84' lang='lat' dir='ltr'>R.</span> <span class='ocrx_word' id='word_1_285' title='bbox 314 2451 747 2506; x_wconf 88' lang='lat' dir='ltr'>chionophilus,</span> <span class='ocrx_word' id='word_1_286' title='bbox 775 2450 923 2506; x_wconf 76' lang='lat' dir='ltr'>glaber</span> <span class='ocrx_word' id='word_1_287' title='bbox 950 2463 1087 2492; x_wconf 88' lang='lat' dir='ltr'>nanus</span> <span class='ocrx_word' id='word_1_288' title='bbox 1115 2449 1635 2506; x_wconf 82' lang='lat' dir='ltr'>caespitoso-multicaulis‚</span> <span class='ocrx_word' id='word_1_289' title='bbox 1655 2450 1762 2493; x_wconf 89' lang='lat' dir='ltr'>collo</span> <span class='ocrx_word' id='word_1_290' title='bbox 1796 2449 1863 2492; x_wconf 91' lang='lat' dir='ltr'>in-</span> 
     </span>
     <span class='ocr_line' id='line_1_35' title="bbox 168 2508 1864 2564; baseline -0.001 -12"><span class='ocrx_word' id='word_1_291' title='bbox 168 2517 354 2552; x_wconf 85' lang='lat' dir='ltr'>crassato</span> <span class='ocrx_word' id='word_1_292' title='bbox 383 2509 512 2552; x_wconf 85' lang='lat' dir='ltr'>libras</span> <span class='ocrx_word' id='word_1_293' title='bbox 541 2516 690 2552; x_wconf 82' lang='lat' dir='ltr'>tenues</span> <span class='ocrx_word' id='word_1_294' title='bbox 719 2508 878 2559; x_wconf 79' lang='lat' dir='ltr'>edenti,</span> <span class='ocrx_word' id='word_1_295' title='bbox 917 2508 1029 2551; x_wconf 88' lang='lat' dir='ltr'>foliis</span> <span class='ocrx_word' id='word_1_296' title='bbox 1056 2508 1316 2551; x_wconf 85' lang='lat' dir='ltr'>radicalihus</span> <span class='ocrx_word' id='word_1_297' title='bbox 1343 2508 1507 2551; x_wconf 85' lang='lat' dir='ltr'>ambitu</span> <span class='ocrx_word' id='word_1_298' title='bbox 1540 2508 1735 2564; x_wconf 80' lang='lat' dir='ltr'>oblongis</span> <span class='ocrx_word' id='word_1_299' title='bbox 1763 2508 1864 2551; x_wconf 90' lang='lat' dir='ltr'>sub-</span> 
     </span>
     <span class='ocr_line' id='line_1_36' title="bbox 168 2566 1866 2626; baseline 0 -17"><span class='ocrx_word' id='word_1_300' title='bbox 168 2568 377 2626; x_wconf 83' lang='lat' dir='ltr'>pinnatim</span> <span class='ocrx_word' id='word_1_301' title='bbox 419 2568 603 2611; x_wconf 83' lang='lat' dir='ltr'>trisectis</span> <span class='ocrx_word' id='word_1_302' title='bbox 644 2567 876 2623; x_wconf 79' lang='lat' dir='ltr'>segmentis</span> <span class='ocrx_word' id='word_1_303' title='bbox 913 2566 955 2609; x_wconf 93' lang='lat' dir='ltr'>in</span> <span class='ocrx_word' id='word_1_304' title='bbox 985 2566 1161 2610; x_wconf 87' lang='lat' dir='ltr'>lacinias</span> <span class='ocrx_word' id='word_1_305' title='bbox 1194 2567 1398 2623; x_wconf 78' lang='lat' dir='ltr'>oblongas</span> <span class='ocrx_word' id='word_1_306' title='bbox 1433 2567 1582 2610; x_wconf 84' lang='lat' dir='ltr'>breves</span> <span class='ocrx_word' id='word_1_307' title='bbox 1609 2566 1776 2624; x_wconf 91' lang='lat' dir='ltr'>partitis</span> <span class='ocrx_word' id='word_1_308' title='bbox 1801 2567 1866 2609; x_wconf 91' lang='lat' dir='ltr'>vel</span> 
     </span>
     <span class='ocr_line' id='line_1_37' title="bbox 168 2624 1864 2682; baseline -0.002 -12"><span class='ocrx_word' id='word_1_309' title='bbox 168 2627 293 2670; x_wconf 90' lang='lat' dir='ltr'>sectis</span> <span class='ocrx_word' id='word_1_310' title='bbox 321 2626 535 2669; x_wconf 70' lang='lat' dir='ltr'>t‹2=.1·minali</span> <span class='ocrx_word' id='word_1_311' title='bbox 573 2627 697 2682; x_wconf 76' lang='lat' dir='ltr'>longe</span> <span class='ocrx_word' id='word_1_312' title='bbox 724 2625 988 2682; x_wconf 76' lang='lat' dir='ltr'>petiolulatO‚</span> <span class='ocrx_word' id='word_1_313' title='bbox 1019 2625 1212 2668; x_wconf 87' lang='lat' dir='ltr'>caulibus</span> <span class='ocrx_word' id='word_1_314' title='bbox 1245 2625 1345 2668; x_wconf 83' lang='lat' dir='ltr'>solia</span> <span class='ocrx_word' id='word_1_315' title='bbox 1371 2639 1457 2668; x_wconf 90' lang='lat' dir='ltr'>non</span> <span class='ocrx_word' id='word_1_316' title='bbox 1477 2624 1778 2668; x_wconf 84' lang='lat' dir='ltr'>excedentibus</span> <span class='ocrx_word' id='word_1_317' title='bbox 1797 2639 1864 2668; x_wconf 88' lang='lat' dir='ltr'>ar-</span> 
     </span>
     <span class='ocr_line' id='line_1_38' title="bbox 169 2683 1862 2741; baseline -0.001 -13"><span class='ocrx_word' id='word_1_318' title='bbox 169 2684 670 2728; x_wconf 81' lang='lat' dir='ltr'>cuato-dccumbentihus</span> <span class='ocrx_word' id='word_1_319' title='bbox 688 2684 760 2727; x_wconf 62' lang='lat'><strong>‘1-‘2</strong></span> <span class='ocrx_word' id='word_1_320' title='bbox 777 2684 911 2737; x_wconf 84' lang='lat' dir='ltr'>ssoris,</span> <span class='ocrx_word' id='word_1_321' title='bbox 931 2684 1185 2741; x_wconf 89' lang='lat' dir='ltr'>pedunculis</span> <span class='ocrx_word' id='word_1_322' title='bbox 1202 2684 1435 2727; x_wconf 81' lang='lat' dir='ltr'>fructiferis</span> <span class='ocrx_word' id='word_1_323' title='bbox 1453 2683 1659 2740; x_wconf 82' lang='lat' dir='ltr'>elongatis</span> <span class='ocrx_word' id='word_1_324' title='bbox 1686 2683 1862 2736; x_wconf 85' lang='lat' dir='ltr'>striatis‚</span> 
     </span>
     <span class='ocr_line' id='line_1_39' title="bbox 169 2742 1865 2801; baseline 0 -15"><span class='ocrx_word' id='word_1_325' title='bbox 169 2744 323 2801; x_wconf 84' lang='lat' dir='ltr'>sepalis</span> <span class='ocrx_word' id='word_1_326' title='bbox 365 2743 549 2800; x_wconf 73' lang='lat' dir='ltr'>glabris,</span> <span class='ocrx_word' id='word_1_327' title='bbox 580 2743 695 2800; x_wconf 76' lang='lat' dir='ltr'>spica</span> <span class='ocrx_word' id='word_1_328' title='bbox 737 2742 946 2800; x_wconf 82' lang='lat' dir='ltr'>sphaerica</span> <span class='ocrx_word' id='word_1_329' title='bbox 986 2742 1183 2799; x_wconf 87' lang='lat' dir='ltr'>carpellis</span> <span class='ocrx_word' id='word_1_330' title='bbox 1225 2743 1356 2786; x_wconf 82' lang='lat' dir='ltr'>ovatis</span> <span class='ocrx_word' id='word_1_331' title='bbox 1390 2742 1583 2799; x_wconf 78' lang='lat' dir='ltr'>margine</span> <span class='ocrx_word' id='word_1_332' title='bbox 1619 2742 1865 2786; x_wconf 82' lang='lat' dir='ltr'>incrassatis</span> 
     </span>
     <span class='ocr_line' id='line_1_40' title="bbox 170 2800 1865 2859; baseline -0.001 -13"><span class='ocrx_word' id='word_1_333' title='bbox 170 2803 287 2846; x_wconf 82' lang='lat' dir='ltr'>disco</span> <span class='ocrx_word' id='word_1_334' title='bbox 315 2802 531 2845; x_wconf 84' lang='lat' dir='ltr'>interdum</span> <span class='ocrx_word' id='word_1_335' title='bbox 560 2801 838 2845; x_wconf 82' lang='lat' dir='ltr'>tuberculatis</span> <span class='ocrx_word' id='word_1_336' title='bbox 866 2807 1005 2845; x_wconf 89' lang='lat' dir='ltr'>rostro</span> <span class='ocrx_word' id='word_1_337' title='bbox 1032 2801 1180 2845; x_wconf 90' lang='lat' dir='ltr'>conico</span> <span class='ocrx_word' id='word_1_338' title='bbox 1209 2808 1430 2859; x_wconf 81' lang='lat' dir='ltr'>tetragono</span> <span class='ocrx_word' id='word_1_339' title='bbox 1458 2801 1578 2859; x_wconf 89' lang='lat' dir='ltr'>apice</span> <span class='ocrx_word' id='word_1_340' title='bbox 1606 2800 1865 2844; x_wconf 85' lang='lat' dir='ltr'>subincurvo</span> 
     </span>
     <span class='ocr_line' id='line_1_41' title="bbox 170 2861 478 2918; baseline -0.006 -13"><span class='ocrx_word' id='word_1_341' title='bbox 170 2861 382 2918; x_wconf 82' lang='lat' dir='ltr'>superatis</span> <span class='ocrx_word' id='word_1_342' title='bbox 418 2869 478 2910; x_wconf 69' lang='lat'>26.</span> 
     </span>
    </p>

    <p class='ocr_par' dir='ltr' id='par_1_15' title="bbox 228 2929 1862 2982">
     <span class='ocr_line' id='line_1_42' title="bbox 228 2929 1862 2982; baseline -0.001 -12"><span class='ocrx_word' id='word_1_343' title='bbox 228 2932 329 2972; x_wconf 85' lang='lat' dir='ltr'>Hab.</span> <span class='ocrx_word' id='word_1_344' title='bbox 355 2932 404 2970; x_wconf 89' lang='lat' dir='ltr'>ad</span> <span class='ocrx_word' id='word_1_345' title='bbox 430 2932 539 2971; x_wconf 85' lang='lat' dir='ltr'>nives</span> <span class='ocrx_word' id='word_1_346' title='bbox 563 2932 875 2982; x_wconf 82' lang='lat' dir='ltr'>deliquescentes</span> <span class='ocrx_word' id='word_1_347' title='bbox 900 2932 938 2970; x_wconf 89' lang='lat' dir='ltr'>in</span> <span class='ocrx_word' id='word_1_348' title='bbox 961 2932 1122 2980; x_wconf 88' lang='lat' dir='ltr'>regione</span> <span class='ocrx_word' id='word_1_349' title='bbox 1161 2931 1292 2980; x_wconf 69' lang='lat' dir='ltr'>alpina</span> <span class='ocrx_word' id='word_1_350' title='bbox 1328 2932 1471 2971; x_wconf 86' lang='lat' dir='ltr'>montis</span> <span class='ocrx_word' id='word_1_351' title='bbox 1493 2930 1756 2970; x_wconf 84' lang='lat' dir='ltr'>Mandschura</span> <span class='ocrx_word' id='word_1_352' title='bbox 1782 2929 1862 2969; x_wconf 90' lang='lat' dir='ltr'>An-</span> 
     </span>
    </p>
   </div>
  </div>
 </body>
</html>
