<?xml version="1.0" encoding="UTF-8"?>
<!DOCTYPE html PUBLIC "-//W3C//DTD XHTML 1.0 Transitional//EN"
    "http://www.w3.org/TR/xhtml1/DTD/xhtml1-transitional.dtd">
<html xmlns="http://www.w3.org/1999/xhtml" xml:lang="en" lang="en">
 <head>
  <title>
</title>
<meta http-equiv="Content-Type" content="text/html;charset=utf-8" />
  <meta name='ocr-system' content='tesseract 3.04.00' />
  <meta name='ocr-capabilities' content='ocr_page ocr_carea ocr_par ocr_line ocrx_word'/>
</head>
<body>
  <div class='ocr_page' id='page_1' title='image "./floraorientaliss01bois_0920.png"; bbox 0 0 2021 3235; ppageno 0'>
   <div class='ocr_carea' id='block_1_1' title="bbox 1014 119 1098 163">
    <p class='ocr_par' dir='ltr' id='par_1_1' title="bbox 1014 119 1098 163">
     <span class='ocr_line' id='line_1_1' title="bbox 1014 119 1098 163; baseline 0 0"><span class='ocrx_word' id='word_1_1' title='bbox 1014 119 1098 163; x_wconf 84' lang='lat'>876</span> 
     </span>
    </p>
   </div>
   <div class='ocr_carea' id='block_1_2' title="bbox 209 210 1903 450">
    <p class='ocr_par' dir='ltr' id='par_1_2' title="bbox 209 210 1903 327">
     <span class='ocr_line' id='line_1_2' title="bbox 209 210 1903 268; baseline 0.002 -17"><span class='ocrx_word' id='word_1_2' title='bbox 209 210 541 267; x_wconf 81' lang='lat' dir='ltr'>ovato-oblongis</span> <span class='ocrx_word' id='word_1_3' title='bbox 567 212 691 266; x_wconf 78' lang='lat' dir='ltr'>longe</span> <span class='ocrx_word' id='word_1_4' title='bbox 720 211 903 255; x_wconf 85' lang='lat' dir='ltr'>aristatis</span> <span class='ocrx_word' id='word_1_5' title='bbox 932 212 1212 254; x_wconf 80' lang='lat' dir='ltr'>exterioribus</span> <span class='ocrx_word' id='word_1_6' title='bbox 1240 211 1315 253; x_wconf 88' lang='lat'>5-7</span> <span class='ocrx_word' id='word_1_7' title='bbox 1334 211 1508 262; x_wconf 87' lang='lat' dir='ltr'>nerviis,</span> <span class='ocrx_word' id='word_1_8' title='bbox 1529 211 1683 268; x_wconf 86' lang='lat' dir='ltr'>petalis</span> <span class='ocrx_word' id='word_1_9' title='bbox 1711 212 1903 255; x_wconf 87' lang='lat' dir='ltr'>cuneatis</span> 
     </span>
     <span class='ocr_line' id='line_1_3' title="bbox 217 268 1841 327; baseline 0.002 -18"><span class='ocrx_word' id='word_1_10' title='bbox 217 268 491 324; x_wconf 80' lang='lat' dir='ltr'>emarginalis</span> <span class='ocrx_word' id='word_1_11' title='bbox 520 270 659 326; x_wconf 79' lang='lat' dir='ltr'>calyce</span> <span class='ocrx_word' id='word_1_12' title='bbox 688 271 781 326; x_wconf 89' lang='lat' dir='ltr'>plus</span> <span class='ocrx_word' id='word_1_13' title='bbox 814 271 940 327; x_wconf 90' lang='lat' dir='ltr'>duplo</span> <span class='ocrx_word' id='word_1_14' title='bbox 969 270 1250 326; x_wconf 69' lang='lat' dir='ltr'>longioribus,</span> <span class='ocrx_word' id='word_1_15' title='bbox 1280 269 1452 312; x_wconf 86' lang='lat' dir='ltr'>valvulis</span> <span class='ocrx_word' id='word_1_16' title='bbox 1480 270 1744 326; x_wconf 88' lang='lat' dir='ltr'>albo-pilosis</span> <span class='ocrx_word' id='word_1_17' title='bbox 1781 278 1841 319; x_wconf 70' lang='lat'>26.</span> 
     </span>
    </p>

    <p class='ocr_par' dir='ltr' id='par_1_3' title="bbox 213 335 1900 450">
     <span class='ocr_line' id='line_1_4' title="bbox 275 335 1900 395; baseline 0.001 -19"><span class='ocrx_word' id='word_1_18' title='bbox 275 340 375 377; x_wconf 90' lang='lat' dir='ltr'>Hab.</span> <span class='ocrx_word' id='word_1_19' title='bbox 402 341 437 377; x_wconf 89' lang='lat' dir='ltr'>in</span> <span class='ocrx_word' id='word_1_20' title='bbox 464 341 680 389; x_wconf 88' lang='lat' dir='ltr'>subalpinis</span> <span class='ocrx_word' id='word_1_21' title='bbox 705 342 842 379; x_wconf 84' lang='lat' dir='ltr'>Iberiae</span> <span class='ocrx_word' id='word_1_22' title='bbox 868 346 903 379; x_wconf 89' lang='lat' dir='ltr'>et</span> <span class='ocrx_word' id='word_1_23' title='bbox 930 342 1144 388; x_wconf 68' lang='lat' dir='ltr'>Mingreliae</span> <span class='ocrx_word' id='word_1_24' title='bbox 1171 336 1374 395; x_wconf 62' lang='lat' dir='ltr'>(Ellelum),</span> <span class='ocrx_word' id='word_1_25' title='bbox 1401 340 1530 379; x_wconf 85' lang='lat' dir='ltr'>Guriae</span> <span class='ocrx_word' id='word_1_26' title='bbox 1559 335 1779 393; x_wconf 76' lang='lat' dir='ltr'>(Nordml),</span> <span class='ocrx_word' id='word_1_27' title='bbox 1806 342 1900 378; x_wconf 85' lang='lat' dir='ltr'>Ime-</span> 
     </span>
     <span class='ocr_line' id='line_1_5' title="bbox 213 396 1464 450; baseline 0 -14"><span class='ocrx_word' id='word_1_28' title='bbox 213 399 320 437; x_wconf 78' lang='lat' dir='ltr'>retiae</span> <span class='ocrx_word' id='word_1_29' title='bbox 347 396 404 450; x_wconf 84' lang='lat' dir='ltr'>(C.</span> <span class='ocrx_word' id='word_1_30' title='bbox 427 399 575 449; x_wconf 83' lang='lat' dir='ltr'>Koch),</span> <span class='ocrx_word' id='word_1_31' title='bbox 604 401 641 436; x_wconf 87' lang='lat' dir='ltr'>in</span> <span class='ocrx_word' id='word_1_32' title='bbox 669 413 781 448; x_wconf 81' lang='lat' dir='ltr'>prov.</span> <span class='ocrx_word' id='word_1_33' title='bbox 810 401 983 448; x_wconf 81' lang='lat' dir='ltr'>Talyscli</span> <span class='ocrx_word' id='word_1_34' title='bbox 1009 401 1057 437; x_wconf 92' lang='lat' dir='ltr'>ad</span> <span class='ocrx_word' id='word_1_35' title='bbox 1083 400 1215 437; x_wconf 84' lang='lat' dir='ltr'>Swant</span> <span class='ocrx_word' id='word_1_36' title='bbox 1240 399 1398 448; x_wconf 87' lang='lat' dir='ltr'>(Hohen</span> <span class='ocrx_word' id='word_1_37' title='bbox 1416 398 1464 449; x_wconf 73' lang='lat' dir='ltr'>l).</span> 
     </span>
    </p>
   </div>
   <div class='ocr_carea' id='block_1_3' title="bbox 214 464 1903 573">
    <p class='ocr_par' dir='ltr' id='par_1_4' title="bbox 214 464 1903 573">
     <span class='ocr_line' id='line_1_6' title="bbox 275 464 1903 515; baseline 0 -12"><span class='ocrx_word' id='word_1_38' title='bbox 275 465 400 503; x_wconf 76' lang='lat' dir='ltr'>Affinc</span> <span class='ocrx_word' id='word_1_39' title='bbox 428 464 474 505; x_wconf 90' lang='lat' dir='ltr'>G.</span> <span class='ocrx_word' id='word_1_40' title='bbox 501 468 640 505; x_wconf 77' lang='lat' dir='ltr'>nodoso</span> <span class='ocrx_word' id='word_1_41' title='bbox 666 479 830 515; x_wconf 89' lang='lat' dir='ltr'>quocum</span> <span class='ocrx_word' id='word_1_42' title='bbox 856 480 878 503; x_wconf 91' lang='lat' dir='ltr'>a</span> <span class='ocrx_word' id='word_1_43' title='bbox 902 467 949 504; x_wconf 90' lang='lat' dir='ltr'>cl.</span> <span class='ocrx_word' id='word_1_44' title='bbox 976 471 1135 503; x_wconf 81' lang='lat' dir='ltr'>auctore</span> <span class='ocrx_word' id='word_1_45' title='bbox 1170 467 1205 503; x_wconf 90' lang='lat' dir='ltr'>in</span> <span class='ocrx_word' id='word_1_46' title='bbox 1235 466 1293 504; x_wconf 88' lang='lat' dir='ltr'>Fl.</span> <span class='ocrx_word' id='word_1_47' title='bbox 1320 466 1487 504; x_wconf 70' lang='lat' dir='ltr'>Rossica</span> <span class='ocrx_word' id='word_1_48' title='bbox 1521 467 1793 515; x_wconf 74' lang='lat' dir='ltr'>conjungitur,</span> <span class='ocrx_word' id='word_1_49' title='bbox 1826 467 1903 504; x_wconf 88' lang='lat' dir='ltr'>dis·</span> 
     </span>
     <span class='ocr_line' id='line_1_7' title="bbox 214 525 1902 573; baseline 0.001 -11"><span class='ocrx_word' id='word_1_50' title='bbox 214 525 373 563; x_wconf 84' lang='lat' dir='ltr'>tinctum</span> <span class='ocrx_word' id='word_1_51' title='bbox 400 531 525 563; x_wconf 89' lang='lat' dir='ltr'>tamen</span> <span class='ocrx_word' id='word_1_52' title='bbox 559 527 667 564; x_wconf 83' lang='lat' dir='ltr'>caule</span> <span class='ocrx_word' id='word_1_53' title='bbox 707 526 858 563; x_wconf 85' lang='lat' dir='ltr'>elatiori</span> <span class='ocrx_word' id='word_1_54' title='bbox 896 525 1068 573; x_wconf 79' lang='lat' dir='ltr'>bipedali</span> <span class='ocrx_word' id='word_1_55' title='bbox 1103 525 1151 562; x_wconf 89' lang='lat' dir='ltr'>ad</span> <span class='ocrx_word' id='word_1_56' title='bbox 1189 526 1315 563; x_wconf 89' lang='lat' dir='ltr'>nodos</span> <span class='ocrx_word' id='word_1_57' title='bbox 1349 537 1426 562; x_wconf 89' lang='lat' dir='ltr'>non</span> <span class='ocrx_word' id='word_1_58' title='bbox 1463 526 1635 571; x_wconf 86' lang='lat' dir='ltr'>tumido,</span> <span class='ocrx_word' id='word_1_59' title='bbox 1662 526 1790 573; x_wconf 85' lang='lat' dir='ltr'>piloso</span> <span class='ocrx_word' id='word_1_60' title='bbox 1829 537 1902 563; x_wconf 86' lang='lat' dir='ltr'>nec</span> 
     </span>
    </p>
   </div>
   <div class='ocr_carea' id='block_1_4' title="bbox 216 584 1900 683">
    <p class='ocr_par' dir='ltr' id='par_1_5' title="bbox 216 584 1900 683">
     <span class='ocr_line' id='line_1_8' title="bbox 216 584 1900 633; baseline 0.001 -12"><span class='ocrx_word' id='word_1_61' title='bbox 216 584 365 632; x_wconf 85' lang='lat' dir='ltr'>glabro,</span> <span class='ocrx_word' id='word_1_62' title='bbox 393 584 495 621; x_wconf 86' lang='lat' dir='ltr'>foliis</span> <span class='ocrx_word' id='word_1_63' title='bbox 519 591 552 622; x_wconf 88' lang='lat' dir='ltr'>et</span> <span class='ocrx_word' id='word_1_64' title='bbox 579 586 713 633; x_wconf 77' lang='lat' dir='ltr'>calyce</span> <span class='ocrx_word' id='word_1_65' title='bbox 741 586 855 632; x_wconf 86' lang='lat' dir='ltr'>longe</span> <span class='ocrx_word' id='word_1_66' title='bbox 879 584 1017 632; x_wconf 84' lang='lat' dir='ltr'>pilosis</span> <span class='ocrx_word' id='word_1_67' title='bbox 1042 596 1113 621; x_wconf 91' lang='lat' dir='ltr'>nec</span> <span class='ocrx_word' id='word_1_68' title='bbox 1136 585 1309 622; x_wconf 83' lang='lat' dir='ltr'>breviter</span> <span class='ocrx_word' id='word_1_69' title='bbox 1331 585 1650 633; x_wconf 79' lang='lat' dir='ltr'>pubescentibus,</span> <span class='ocrx_word' id='word_1_70' title='bbox 1677 585 1822 633; x_wconf 84' lang='lat' dir='ltr'>sepalis</span> <span class='ocrx_word' id='word_1_71' title='bbox 1847 586 1900 623; x_wconf 85' lang='lat' dir='ltr'>la-</span> 
     </span>
     <span class='ocr_line' id='line_1_9' title="bbox 216 642 818 683; baseline 0.003 -3"><span class='ocrx_word' id='word_1_72' title='bbox 216 643 380 681; x_wconf 85' lang='lat' dir='ltr'>tioribus</span> <span class='ocrx_word' id='word_1_73' title='bbox 404 642 486 682; x_wconf 84' lang='lat'>5-7</span> <span class='ocrx_word' id='word_1_74' title='bbox 511 656 583 681; x_wconf 74' lang='lat' dir='ltr'>nec</span> <span class='ocrx_word' id='word_1_75' title='bbox 608 643 635 683; x_wconf 82' lang='lat'>5</span> <span class='ocrx_word' id='word_1_76' title='bbox 660 644 818 682; x_wconf 79' lang='lat' dir='ltr'>nerviis.</span> 
     </span>
    </p>
   </div>
   <div class='ocr_carea' id='block_1_5' title="bbox 276 705 1902 762">
    <p class='ocr_par' dir='ltr' id='par_1_6' title="bbox 276 705 1902 762">
     <span class='ocr_line' id='line_1_10' title="bbox 276 705 1902 762; baseline 0.001 -14"><span class='ocrx_word' id='word_1_77' title='bbox 276 707 319 760; x_wconf 77' lang='grc' dir='ltr'>β.</span> <span class='ocrx_word' id='word_1_78' title='bbox 354 706 573 748; x_wconf 63' lang='grc' dir='ltr'><em>ίνῖίοὸηηι.</em></span> <span class='ocrx_word' id='word_1_79' title='bbox 605 706 721 750; x_wconf 85' lang='lat' dir='ltr'>Folia</span> <span class='ocrx_word' id='word_1_80' title='bbox 747 705 967 762; x_wconf 77' lang='lat' dir='ltr'>superiora</span> <span class='ocrx_word' id='word_1_81' title='bbox 997 705 1241 748; x_wconf 86' lang='lat' dir='ltr'>subsessilia</span> <span class='ocrx_word' id='word_1_82' title='bbox 1269 706 1380 747; x_wconf 88' lang='lat' dir='ltr'>ultra</span> <span class='ocrx_word' id='word_1_83' title='bbox 1407 706 1596 748; x_wconf 86' lang='lat' dir='ltr'>medium</span> <span class='ocrx_word' id='word_1_84' title='bbox 1614 706 1770 748; x_wconf 87' lang='lat' dir='ltr'>triloba</span> <span class='ocrx_word' id='word_1_85' title='bbox 1794 705 1902 749; x_wconf 82' lang='lat' dir='ltr'>iobis</span> 
     </span>
    </p>
   </div>
   <div class='ocr_carea' id='block_1_6' title="bbox 219 763 1896 879">
    <p class='ocr_par' dir='ltr' id='par_1_7' title="bbox 219 763 1896 879">
     <span class='ocr_line' id='line_1_11' title="bbox 219 763 1896 820; baseline 0 -13"><span class='ocrx_word' id='word_1_86' title='bbox 219 764 413 820; x_wconf 77' lang='lat' dir='ltr'>oblongis</span> <span class='ocrx_word' id='word_1_87' title='bbox 441 764 693 807; x_wconf 71' lang='lat' dir='ltr'>acuminatis</span> <span class='ocrx_word' id='word_1_88' title='bbox 726 764 817 807; x_wconf 90' lang='lat' dir='ltr'>basi</span> <span class='ocrx_word' id='word_1_89' title='bbox 850 763 1076 806; x_wconf 87' lang='lat' dir='ltr'>attenuatis</span> <span class='ocrx_word' id='word_1_90' title='bbox 1109 764 1506 807; x_wconf 89' lang='lat' dir='ltr'>crenato-dentatis.</span> <span class='ocrx_word' id='word_1_91' title='bbox 1539 764 1587 807; x_wconf 88' lang='lat' dir='ltr'>G.</span> <span class='ocrx_word' id='word_1_92' title='bbox 1625 765 1828 807; x_wconf 77' lang='lat' dir='ltr'>trilobum</span> <span class='ocrx_word' id='word_1_93' title='bbox 1854 763 1896 807; x_wconf 91' lang='lat' dir='ltr'>C.</span> 
     </span>
     <span class='ocr_line' id='line_1_12' title="bbox 219 822 799 879; baseline 0.002 -15"><span class='ocrx_word' id='word_1_94' title='bbox 219 822 337 866; x_wconf 87' lang='lat' dir='ltr'>Koch</span> <span class='ocrx_word' id='word_1_95' title='bbox 364 822 482 865; x_wconf 88' lang='lat' dir='ltr'>Linn.</span> <span class='ocrx_word' id='word_1_96' title='bbox 516 823 597 876; x_wconf 88' lang='lat' dir='ltr'>XV,</span> <span class='ocrx_word' id='word_1_97' title='bbox 628 837 667 879; x_wconf 91' lang='lat' dir='ltr'>p.</span> <span class='ocrx_word' id='word_1_98' title='bbox 701 822 799 865; x_wconf 82' lang='lat'>716.</span> 
     </span>
    </p>
   </div>
   <div class='ocr_carea' id='block_1_7' title="bbox 276 888 1454 945">
    <p class='ocr_par' dir='ltr' id='par_1_8' title="bbox 276 888 1454 945">
     <span class='ocr_line' id='line_1_13' title="bbox 276 888 1454 945; baseline 0 -14"><span class='ocrx_word' id='word_1_99' title='bbox 276 895 376 933; x_wconf 86' lang='lat' dir='ltr'>Hab.</span> <span class='ocrx_word' id='word_1_100' title='bbox 403 895 440 932; x_wconf 91' lang='lat' dir='ltr'>in</span> <span class='ocrx_word' id='word_1_101' title='bbox 465 899 593 932; x_wconf 89' lang='lat' dir='ltr'>monte</span> <span class='ocrx_word' id='word_1_102' title='bbox 616 895 813 932; x_wconf 88' lang='lat' dir='ltr'>Nakerale</span> <span class='ocrx_word' id='word_1_103' title='bbox 838 894 1161 932; x_wconf 84' lang='lat' dir='ltr'>Transcaucasiae</span> <span class='ocrx_word' id='word_1_104' title='bbox 1187 891 1243 945; x_wconf 81' lang='lat' dir='ltr'>(O.</span> <span class='ocrx_word' id='word_1_105' title='bbox 1270 893 1385 932; x_wconf 88' lang='lat' dir='ltr'>Koch</span> <span class='ocrx_word' id='word_1_106' title='bbox 1403 888 1411 931; x_wconf 77' lang='lat' dir='ltr'>l</span> <span class='ocrx_word' id='word_1_107' title='bbox 1429 891 1454 945; x_wconf 90' lang='lat'><em>)</em></span> 
     </span>
    </p>
   </div>
   <div class='ocr_carea' id='block_1_8' title="bbox 215 959 1903 1058">
    <p class='ocr_par' dir='ltr' id='par_1_9' title="bbox 215 959 1903 1058">
     <span class='ocr_line' id='line_1_14' title="bbox 275 959 1903 1009; baseline -0.001 -10"><span class='ocrx_word' id='word_1_108' title='bbox 275 960 428 1009; x_wconf 84' lang='lat' dir='ltr'>Optime</span> <span class='ocrx_word' id='word_1_109' title='bbox 454 962 631 1009; x_wconf 84' lang='lat' dir='ltr'>congruit</span> <span class='ocrx_word' id='word_1_110' title='bbox 654 972 740 999; x_wconf 91' lang='lat' dir='ltr'>cum</span> <span class='ocrx_word' id='word_1_111' title='bbox 776 964 871 1009; x_wconf 85' lang='lat' dir='ltr'>typo</span> <span class='ocrx_word' id='word_1_112' title='bbox 897 966 1040 1008; x_wconf 84' lang='lat' dir='ltr'>praeter</span> <span class='ocrx_word' id='word_1_113' title='bbox 1063 961 1193 998; x_wconf 88' lang='lat' dir='ltr'>lobum</span> <span class='ocrx_word' id='word_1_114' title='bbox 1222 959 1495 999; x_wconf 86' lang='lat' dir='ltr'>intermedium</span> <span class='ocrx_word' id='word_1_115' title='bbox 1522 960 1701 998; x_wconf 87' lang='lat' dir='ltr'>foliorum</span> <span class='ocrx_word' id='word_1_116' title='bbox 1727 961 1903 1008; x_wconf 85' lang='lat' dir='ltr'>superio-</span> 
     </span>
     <span class='ocr_line' id='line_1_15' title="bbox 215 1020 607 1058; baseline 0.003 -1"><span class='ocrx_word' id='word_1_117' title='bbox 215 1031 298 1057; x_wconf 86' lang='lat' dir='ltr'>rum</span> <span class='ocrx_word' id='word_1_118' title='bbox 322 1032 398 1058; x_wconf 89' lang='lat' dir='ltr'>non</span> <span class='ocrx_word' id='word_1_119' title='bbox 424 1020 607 1058; x_wconf 87' lang='lat' dir='ltr'>trifidum.</span> 
     </span>
    </p>
   </div>
   <div class='ocr_carea' id='block_1_9' title="bbox 215 1156 1903 1693">
    <p class='ocr_par' dir='ltr' id='par_1_10' title="bbox 215 1156 1903 1566">
     <span class='ocr_line' id='line_1_16' title="bbox 274 1156 1903 1215; baseline -0.001 -14"><span class='ocrx_word' id='word_1_120' title='bbox 274 1159 333 1202; x_wconf 81' lang='lat' dir='ltr'>G.</span> <span class='ocrx_word' id='word_1_121' title='bbox 366 1159 658 1202; x_wconf 85' lang='lat' dir='ltr'>Ibericum</span> <span class='ocrx_word' id='word_1_122' title='bbox 687 1158 856 1214; x_wconf 65' lang='lat' dir='ltr'>(eamn.</span> <span class='ocrx_word' id='word_1_123' title='bbox 898 1158 1004 1201; x_wconf 90' lang='lat' dir='ltr'>Diss.</span> <span class='ocrx_word' id='word_1_124' title='bbox 1036 1159 1103 1211; x_wconf 87' lang='lat' dir='ltr'>lV,</span> <span class='ocrx_word' id='word_1_125' title='bbox 1129 1173 1173 1215; x_wconf 90' lang='lat' dir='ltr'>p.</span> <span class='ocrx_word' id='word_1_126' title='bbox 1206 1157 1314 1211; x_wconf 62' lang='lat'>209,</span> <span class='ocrx_word' id='word_1_127' title='bbox 1347 1158 1429 1200; x_wconf 84' lang='lat' dir='ltr'>tab.</span> <span class='ocrx_word' id='word_1_128' title='bbox 1462 1156 1562 1210; x_wconf 67' lang='lat'><strong>1024,</strong></span> <span class='ocrx_word' id='word_1_129' title='bbox 1592 1157 1663 1213; x_wconf 79' lang='lat' dir='ltr'>fig.</span> <span class='ocrx_word' id='word_1_130' title='bbox 1695 1157 1740 1213; x_wconf 77' lang='lat'>1)</span> <span class='ocrx_word' id='word_1_131' title='bbox 1769 1163 1903 1200; x_wconf 91' lang='lat' dir='ltr'>totum</span> 
     </span>
     <span class='ocr_line' id='line_1_17' title="bbox 215 1216 1898 1273; baseline -0.001 -15"><span class='ocrx_word' id='word_1_132' title='bbox 215 1216 452 1273; x_wconf 80' lang='lat' dir='ltr'>praesertim</span> <span class='ocrx_word' id='word_1_133' title='bbox 494 1230 677 1273; x_wconf 86' lang='lat' dir='ltr'>superne</span> <span class='ocrx_word' id='word_1_134' title='bbox 719 1216 814 1272; x_wconf 91' lang='lat' dir='ltr'>pilis</span> <span class='ocrx_word' id='word_1_135' title='bbox 854 1216 991 1272; x_wconf 84' lang='lat' dir='ltr'>longis</span> <span class='ocrx_word' id='word_1_136' title='bbox 1032 1216 1186 1273; x_wconf 89' lang='lat' dir='ltr'>patulis</span> <span class='ocrx_word' id='word_1_137' title='bbox 1228 1216 1335 1259; x_wconf 91' lang='lat' dir='ltr'>albo·</span> <span class='ocrx_word' id='word_1_138' title='bbox 1351 1216 1568 1268; x_wconf 79' lang='lat' dir='ltr'>villosum,</span> <span class='ocrx_word' id='word_1_139' title='bbox 1598 1216 1717 1257; x_wconf 89' lang='lat' dir='ltr'>caule</span> <span class='ocrx_word' id='word_1_140' title='bbox 1759 1221 1898 1258; x_wconf 88' lang='lat' dir='ltr'>erecto</span> 
     </span>
     <span class='ocr_line' id='line_1_18' title="bbox 216 1273 1900 1332; baseline -0.001 -16"><span class='ocrx_word' id='word_1_141' title='bbox 216 1289 349 1331; x_wconf 81' lang='lat' dir='ltr'>usque</span> <span class='ocrx_word' id='word_1_142' title='bbox 378 1275 426 1317; x_wconf 91' lang='lat' dir='ltr'>ad</span> <span class='ocrx_word' id='word_1_143' title='bbox 456 1274 757 1317; x_wconf 82' lang='lat' dir='ltr'>dichotomiam</span> <span class='ocrx_word' id='word_1_144' title='bbox 784 1274 1030 1318; x_wconf 84' lang='lat' dir='ltr'>inferiorern</span> <span class='ocrx_word' id='word_1_145' title='bbox 1059 1275 1227 1332; x_wconf 79' lang='lat' dir='ltr'>aphyllo</span> <span class='ocrx_word' id='word_1_146' title='bbox 1264 1288 1449 1331; x_wconf 86' lang='lat' dir='ltr'>superne</span> <span class='ocrx_word' id='word_1_147' title='bbox 1477 1274 1760 1331; x_wconf 79' lang='lat' dir='ltr'>corymboso‚</span> <span class='ocrx_word' id='word_1_148' title='bbox 1789 1273 1900 1316; x_wconf 86' lang='lat' dir='ltr'>foliis</span> 
     </span>
     <span class='ocr_line' id='line_1_19' title="bbox 217 1331 1900 1390; baseline -0.001 -15"><span class='ocrx_word' id='word_1_149' title='bbox 217 1332 660 1376; x_wconf 85' lang='lat' dir='ltr'>cordato-orbiculatis</span> <span class='ocrx_word' id='word_1_150' title='bbox 696 1332 767 1375; x_wconf 77' lang='grc'>5-7</span> <span class='ocrx_word' id='word_1_151' title='bbox 804 1333 970 1390; x_wconf 82' lang='lat' dir='ltr'>partitis</span> <span class='ocrx_word' id='word_1_152' title='bbox 1006 1332 1236 1389; x_wconf 79' lang='lat' dir='ltr'>segmentis</span> <span class='ocrx_word' id='word_1_153' title='bbox 1265 1332 1482 1375; x_wconf 86' lang='lat' dir='ltr'>rhombeis</span> <span class='ocrx_word' id='word_1_154' title='bbox 1510 1332 1720 1389; x_wconf 85' lang='lat' dir='ltr'>profunde</span> <span class='ocrx_word' id='word_1_155' title='bbox 1747 1331 1900 1375; x_wconf 87' lang='lat' dir='ltr'>lobatis</span> 
     </span>
     <span class='ocr_line' id='line_1_20' title="bbox 217 1388 1898 1448; baseline -0.002 -15"><span class='ocrx_word' id='word_1_156' title='bbox 217 1391 382 1433; x_wconf 87' lang='lat' dir='ltr'>laciniis</span> <span class='ocrx_word' id='word_1_157' title='bbox 423 1391 595 1434; x_wconf 83' lang='lat' dir='ltr'>serratis</span> <span class='ocrx_word' id='word_1_158' title='bbox 639 1391 798 1444; x_wconf 84' lang='lat' dir='ltr'>acutis,</span> <span class='ocrx_word' id='word_1_159' title='bbox 829 1391 1125 1448; x_wconf 82' lang='lat' dir='ltr'>superioribus</span> <span class='ocrx_word' id='word_1_160' title='bbox 1162 1391 1407 1443; x_wconf 84' lang='lat' dir='ltr'>sessilibus,</span> <span class='ocrx_word' id='word_1_161' title='bbox 1437 1390 1591 1447; x_wconf 86' lang='lat' dir='ltr'>sepalis</span> <span class='ocrx_word' id='word_1_162' title='bbox 1619 1389 1802 1433; x_wconf 84' lang='lat' dir='ltr'>aristatis</span> <span class='ocrx_word' id='word_1_163' title='bbox 1829 1388 1898 1432; x_wconf 84' lang='lat'>5-7</span> 
     </span>
     <span class='ocr_line' id='line_1_21' title="bbox 221 1448 1900 1506; baseline 0 -15"><span class='ocrx_word' id='word_1_164' title='bbox 221 1449 401 1501; x_wconf 68' lang='lat' dir='ltr'>nervus,</span> <span class='ocrx_word' id='word_1_165' title='bbox 440 1450 587 1506; x_wconf 80' lang='lat' dir='ltr'>petalis</span> <span class='ocrx_word' id='word_1_166' title='bbox 630 1450 828 1493; x_wconf 80' lang='lat' dir='ltr'>violaceis</span> <span class='ocrx_word' id='word_1_167' title='bbox 859 1450 1010 1494; x_wconf 86' lang='lat' dir='ltr'>retusis</span> <span class='ocrx_word' id='word_1_168' title='bbox 1038 1451 1099 1493; x_wconf 88' lang='lat' dir='ltr'>vel</span> <span class='ocrx_word' id='word_1_169' title='bbox 1133 1450 1381 1493; x_wconf 87' lang='lat' dir='ltr'>subtrilobis</span> <span class='ocrx_word' id='word_1_170' title='bbox 1409 1450 1550 1506; x_wconf 78' lang='lat' dir='ltr'>calyce</span> <span class='ocrx_word' id='word_1_171' title='bbox 1579 1448 1604 1491; x_wconf 68' lang='lat'>2</span> <span class='ocrx_word' id='word_1_172' title='bbox 1625 1449 1682 1504; x_wconf 75' lang='lat' dir='ltr'>¹s2</span> <span class='ocrx_word' id='word_1_173' title='bbox 1710 1450 1779 1506; x_wconf 90' lang='lat' dir='ltr'>plo</span> <span class='ocrx_word' id='word_1_174' title='bbox 1806 1449 1900 1491; x_wconf 91' lang='lat' dir='ltr'>lon-</span> 
     </span>
     <span class='ocr_line' id='line_1_22' title="bbox 219 1507 1033 1566; baseline 0.001 -17"><span class='ocrx_word' id='word_1_175' title='bbox 219 1507 426 1563; x_wconf 77' lang='lat' dir='ltr'>gioribus,</span> <span class='ocrx_word' id='word_1_176' title='bbox 456 1508 628 1551; x_wconf 78' lang='lat' dir='ltr'>valvulis</span> <span class='ocrx_word' id='word_1_177' title='bbox 656 1509 778 1565; x_wconf 73' lang='lat' dir='ltr'>longe</span> <span class='ocrx_word' id='word_1_178' title='bbox 798 1508 942 1566; x_wconf 87' lang='lat' dir='ltr'>pilosis</span> <span class='ocrx_word' id='word_1_179' title='bbox 978 1515 1033 1556; x_wconf 57' lang='grc' dir='ltr'>ΖΔ.</span> 
     </span>
    </p>

    <p class='ocr_par' dir='ltr' id='par_1_11' title="bbox 221 1567 1902 1693">
     <span class='ocr_line' id='line_1_23' title="bbox 278 1567 1902 1630; baseline -0.001 -13"><span class='ocrx_word' id='word_1_180' title='bbox 278 1567 384 1618; x_wconf 68' lang='lat' dir='ltr'>Habs</span> <span class='ocrx_word' id='word_1_181' title='bbox 405 1582 441 1617; x_wconf 90' lang='lat' dir='ltr'>in</span> <span class='ocrx_word' id='word_1_182' title='bbox 471 1581 686 1628; x_wconf 80' lang='lat' dir='ltr'>subalpinis</span> <span class='ocrx_word' id='word_1_183' title='bbox 712 1581 876 1619; x_wconf 85' lang='lat' dir='ltr'>Caucasi</span> <span class='ocrx_word' id='word_1_184' title='bbox 900 1582 949 1618; x_wconf 89' lang='lat' dir='ltr'>ad</span> <span class='ocrx_word' id='word_1_185' title='bbox 971 1581 1128 1618; x_wconf 90' lang='lat' dir='ltr'>fluvium</span> <span class='ocrx_word' id='word_1_186' title='bbox 1160 1580 1293 1618; x_wconf 84' lang='lat' dir='ltr'>Terek</span> <span class='ocrx_word' id='word_1_187' title='bbox 1320 1579 1519 1630; x_wconf 80' lang='lat' dir='ltr'>(G.A.M.)‚</span> <span class='ocrx_word' id='word_1_188' title='bbox 1546 1579 1726 1627; x_wconf 81' lang='lat' dir='ltr'>Georgiae</span> <span class='ocrx_word' id='word_1_189' title='bbox 1751 1579 1902 1618; x_wconf 84' lang='lat' dir='ltr'>Cauca-</span> 
     </span>
     <span class='ocr_line' id='line_1_24' title="bbox 221 1636 1331 1693; baseline 0.001 -17"><span class='ocrx_word' id='word_1_190' title='bbox 221 1640 311 1676; x_wconf 85' lang='lat' dir='ltr'>sicae</span> <span class='ocrx_word' id='word_1_191' title='bbox 336 1636 434 1692; x_wconf 89' lang='lat' dir='ltr'>(MB.</span> <span class='ocrx_word' id='word_1_192' title='bbox 461 1636 652 1692; x_wconf 76' lang='lat' dir='ltr'>Holienl),</span> <span class='ocrx_word' id='word_1_193' title='bbox 679 1640 909 1679; x_wconf 84' lang='lat' dir='ltr'>Somchetiae</span> <span class='ocrx_word' id='word_1_194' title='bbox 933 1636 1133 1693; x_wconf 80' lang='lat' dir='ltr'>(Eichw.).</span> <span class='ocrx_word' id='word_1_195' title='bbox 1162 1640 1225 1677; x_wconf 85' lang='lat' dir='ltr'>Fl.</span> <span class='ocrx_word' id='word_1_196' title='bbox 1250 1644 1331 1677; x_wconf 80' lang='lat' dir='ltr'>aest.</span> 
     </span>
    </p>
   </div>
   <div class='ocr_carea' id='block_1_10' title="bbox 220 1701 1907 2120">
    <p class='ocr_par' dir='ltr' id='par_1_12' title="bbox 220 1701 1904 1937">
     <span class='ocr_line' id='line_1_25' title="bbox 291 1701 1902 1762; baseline -0.001 -16"><span class='ocrx_word' id='word_1_197' title='bbox 291 1705 335 1757; x_wconf 71' lang='grc' dir='ltr'>β.</span> <span class='ocrx_word' id='word_1_198' title='bbox 366 1705 694 1760; x_wconf 68' lang='lat' dir='ltr'>platypetalum.</span> <span class='ocrx_word' id='word_1_199' title='bbox 726 1704 843 1747; x_wconf 87' lang='lat' dir='ltr'>Folia</span> <span class='ocrx_word' id='word_1_200' title='bbox 879 1704 1019 1747; x_wconf 85' lang='lat' dir='ltr'>minus</span> <span class='ocrx_word' id='word_1_201' title='bbox 1056 1705 1266 1762; x_wconf 85' lang='lat' dir='ltr'>profunde</span> <span class='ocrx_word' id='word_1_202' title='bbox 1295 1702 1370 1746; x_wconf 87' lang='lat'>5-7</span> <span class='ocrx_word' id='word_1_203' title='bbox 1405 1703 1488 1746; x_wconf 88' lang='lat' dir='ltr'>fida</span> <span class='ocrx_word' id='word_1_204' title='bbox 1523 1701 1632 1744; x_wconf 86' lang='lat' dir='ltr'>lobis</span> <span class='ocrx_word' id='word_1_205' title='bbox 1674 1702 1902 1745; x_wconf 85' lang='lat' dir='ltr'>obtusiori-</span> 
     </span>
     <span class='ocr_line' id='line_1_26' title="bbox 221 1760 1904 1819; baseline 0 -16"><span class='ocrx_word' id='word_1_206' title='bbox 221 1761 313 1805; x_wconf 83' lang='lat' dir='ltr'>bus.</span> <span class='ocrx_word' id='word_1_207' title='bbox 348 1762 421 1804; x_wconf 86' lang='lat' dir='ltr'>Pili</span> <span class='ocrx_word' id='word_1_208' title='bbox 457 1762 784 1806; x_wconf 82' lang='lat' dir='ltr'>infloresccntiae</span> <span class='ocrx_word' id='word_1_209' title='bbox 821 1777 931 1819; x_wconf 84' lang='lat' dir='ltr'>saepe</span> <span class='ocrx_word' id='word_1_210' title='bbox 975 1763 1092 1818; x_wconf 83' lang='lat' dir='ltr'>apice</span> <span class='ocrx_word' id='word_1_211' title='bbox 1129 1762 1366 1817; x_wconf 70' lang='lat' dir='ltr'>glandulosi</span> <span class='ocrx_word' id='word_1_212' title='bbox 1407 1762 1468 1804; x_wconf 92' lang='lat' dir='ltr'>vel</span> <span class='ocrx_word' id='word_1_213' title='bbox 1512 1760 1607 1816; x_wconf 88' lang='lat' dir='ltr'>pilis</span> <span class='ocrx_word' id='word_1_214' title='bbox 1644 1760 1904 1816; x_wconf 81' lang='lat' dir='ltr'>glandulosis</span> 
     </span>
     <span class='ocr_line' id='line_1_27' title="bbox 220 1818 1904 1877; baseline 0 -15"><span class='ocrx_word' id='word_1_215' title='bbox 220 1820 352 1862; x_wconf 85' lang='lat' dir='ltr'>mixti.</span> <span class='ocrx_word' id='word_1_216' title='bbox 385 1820 433 1864; x_wconf 94' lang='lat' dir='ltr'>G.</span> <span class='ocrx_word' id='word_1_217' title='bbox 465 1820 675 1864; x_wconf 76' lang='lat' dir='ltr'>Ibericum</span> <span class='ocrx_word' id='word_1_218' title='bbox 703 1836 787 1864; x_wconf 83' lang='lat' dir='ltr'>var.</span> <span class='ocrx_word' id='word_1_219' title='bbox 819 1824 848 1876; x_wconf 80' lang='grc' dir='ltr'><em>β</em></span> <span class='ocrx_word' id='word_1_220' title='bbox 877 1822 962 1864; x_wconf 84' lang='grc' dir='ltr'>ΜΒ.</span> <span class='ocrx_word' id='word_1_221' title='bbox 995 1822 1119 1864; x_wconf 85' lang='lat' dir='ltr'>Taur.</span> <span class='ocrx_word' id='word_1_222' title='bbox 1152 1821 1274 1864; x_wconf 88' lang='lat' dir='ltr'>Cauc.</span> <span class='ocrx_word' id='word_1_223' title='bbox 1309 1821 1340 1873; x_wconf 87' lang='lat' dir='ltr'>l,</span> <span class='ocrx_word' id='word_1_224' title='bbox 1370 1835 1410 1877; x_wconf 91' lang='lat' dir='ltr'>p.</span> <span class='ocrx_word' id='word_1_225' title='bbox 1451 1818 1548 1862; x_wconf 52' lang='lat'><strong><em>1135.</em></strong></span> <span class='ocrx_word' id='word_1_226' title='bbox 1583 1821 1631 1862; x_wconf 89' lang='lat' dir='ltr'>G.</span> <span class='ocrx_word' id='word_1_227' title='bbox 1659 1819 1904 1876; x_wconf 78' lang='lat' dir='ltr'>platypeta-</span> 
     </span>
     <span class='ocr_line' id='line_1_28' title="bbox 222 1878 1183 1937; baseline 0.003 -18"><span class='ocrx_word' id='word_1_228' title='bbox 222 1878 311 1920; x_wconf 75' lang='lat' dir='ltr'>lum</span> <span class='ocrx_word' id='word_1_229' title='bbox 340 1879 384 1921; x_wconf 87' lang='lat' dir='ltr'>F.</span> <span class='ocrx_word' id='word_1_230' title='bbox 417 1887 457 1921; x_wconf 86' lang='lat' dir='ltr'>et</span> <span class='ocrx_word' id='word_1_231' title='bbox 491 1880 540 1921; x_wconf 80' lang='lat' dir='ltr'>M.</span> <span class='ocrx_word' id='word_1_232' title='bbox 573 1881 662 1922; x_wconf 88' lang='lat' dir='ltr'>Ind.</span> <span class='ocrx_word' id='word_1_233' title='bbox 697 1880 725 1922; x_wconf 91' lang='lat'>1.</span> <span class='ocrx_word' id='word_1_234' title='bbox 760 1880 808 1922; x_wconf 92' lang='lat' dir='ltr'>H.</span> <span class='ocrx_word' id='word_1_235' title='bbox 842 1881 1010 1937; x_wconf 82' lang='lat' dir='ltr'>Petrop.</span> <span class='ocrx_word' id='word_1_236' title='bbox 1043 1894 1081 1937; x_wconf 90' lang='lat' dir='ltr'>p.</span> <span class='ocrx_word' id='word_1_237' title='bbox 1114 1879 1183 1922; x_wconf 74' lang='lat'>028.</span> 
     </span>
    </p>

    <p class='ocr_par' dir='ltr' id='par_1_13' title="bbox 220 1943 1907 2120">
     <span class='ocr_line' id='line_1_29' title="bbox 279 1943 1907 2002; baseline 0 -17"><span class='ocrx_word' id='word_1_238' title='bbox 279 1949 382 1986; x_wconf 87' lang='lat' dir='ltr'>Hab.</span> <span class='ocrx_word' id='word_1_239' title='bbox 410 1949 447 1986; x_wconf 90' lang='lat' dir='ltr'>in</span> <span class='ocrx_word' id='word_1_240' title='bbox 473 1950 667 1987; x_wconf 83' lang='lat' dir='ltr'>montibus</span> <span class='ocrx_word' id='word_1_241' title='bbox 695 1950 805 1987; x_wconf 81' lang='lat' dir='ltr'>Ponti</span> <span class='ocrx_word' id='word_1_242' title='bbox 833 1943 1042 2002; x_wconf 78' lang='lat' dir='ltr'>(Tchi}1!)‚</span> <span class='ocrx_word' id='word_1_243' title='bbox 1067 1950 1284 1997; x_wconf 83' lang='lat' dir='ltr'>subalpinis</span> <span class='ocrx_word' id='word_1_244' title='bbox 1312 1948 1503 1986; x_wconf 79' lang='lat' dir='ltr'>Armeniae</span> <span class='ocrx_word' id='word_1_245' title='bbox 1528 1959 1646 1995; x_wconf 85' lang='lat' dir='ltr'>supra</span> <span class='ocrx_word' id='word_1_246' title='bbox 1678 1947 1907 1996; x_wconf 88' lang='lat' dir='ltr'>Trapezun-</span> 
     </span>
     <span class='ocr_line' id='line_1_30' title="bbox 221 2004 1902 2057; baseline -0.001 -13"><span class='ocrx_word' id='word_1_247' title='bbox 221 2011 296 2044; x_wconf 89' lang='lat' dir='ltr'>tem</span> <span class='ocrx_word' id='word_1_248' title='bbox 322 2008 464 2057; x_wconf 84' lang='lat' dir='ltr'>(Auch.</span> <span class='ocrx_word' id='word_1_249' title='bbox 494 2021 576 2047; x_wconf 74' lang='lat' dir='ltr'>cXS.</span> <span class='ocrx_word' id='word_1_250' title='bbox 605 2007 746 2048; x_wconf 73' lang='lat'>2105!</span> <span class='ocrx_word' id='word_1_251' title='bbox 773 2008 966 2057; x_wconf 73' lang='lat' dir='ltr'>Bourgt).</span> <span class='ocrx_word' id='word_1_252' title='bbox 995 2021 1106 2057; x_wconf 85' lang='lat' dir='ltr'>prov.</span> <span class='ocrx_word' id='word_1_253' title='bbox 1124 2008 1474 2046; x_wconf 78' lang='lat' dir='ltr'>Transcaucasicis</span> <span class='ocrx_word' id='word_1_254' title='bbox 1500 2010 1539 2044; x_wconf 52' lang='lat' dir='ltr'>vt</span> <span class='ocrx_word' id='word_1_255' title='bbox 1554 2004 1902 2055; x_wconf 76' lang='lat' dir='ltr'>Iberia(Hohen!)‚</span> 
     </span>
     <span class='ocr_line' id='line_1_31' title="bbox 220 2061 1640 2120; baseline 0.001 -17"><span class='ocrx_word' id='word_1_256' title='bbox 220 2078 330 2114; x_wconf 85' lang='lat' dir='ltr'>prov.</span> <span class='ocrx_word' id='word_1_257' title='bbox 358 2067 530 2116; x_wconf 87' lang='lat' dir='ltr'>Talysch</span> <span class='ocrx_word' id='word_1_258' title='bbox 556 2063 771 2120; x_wconf 78' lang='lat' dir='ltr'>(Hohenl),</span> <span class='ocrx_word' id='word_1_259' title='bbox 800 2069 922 2117; x_wconf 85' lang='lat' dir='ltr'>sylvis</span> <span class='ocrx_word' id='word_1_260' title='bbox 950 2068 1106 2106; x_wconf 88' lang='lat' dir='ltr'>Ghilani</span> <span class='ocrx_word' id='word_1_261' title='bbox 1124 2067 1266 2118; x_wconf 86' lang='lat' dir='ltr'>(Auch.</span> <span class='ocrx_word' id='word_1_262' title='bbox 1293 2079 1373 2104; x_wconf 82' lang='lat' dir='ltr'>exs.</span> <span class='ocrx_word' id='word_1_263' title='bbox 1399 2064 1517 2106; x_wconf 76' lang='lat'><strong>4303</strong></span> <span class='ocrx_word' id='word_1_264' title='bbox 1542 2061 1640 2120; x_wconf 75' lang='lat' dir='ltr'>At).</span> 
     </span>
    </p>
   </div>
   <div class='ocr_carea' id='block_1_11' title="bbox 283 2133 1655 2182">
    <p class='ocr_par' dir='ltr' id='par_1_14' title="bbox 283 2133 1655 2182">
     <span class='ocr_line' id='line_1_32' title="bbox 283 2133 1655 2182; baseline 0.001 -12"><span class='ocrx_word' id='word_1_265' title='bbox 283 2133 431 2171; x_wconf 80' lang='lat' dir='ltr'>Formae</span> <span class='ocrx_word' id='word_1_266' title='bbox 455 2135 696 2173; x_wconf 82' lang='lat' dir='ltr'>intermediae</span> <span class='ocrx_word' id='word_1_267' title='bbox 721 2136 820 2173; x_wconf 87' lang='lat' dir='ltr'>inter</span> <span class='ocrx_word' id='word_1_268' title='bbox 842 2135 1072 2172; x_wconf 86' lang='lat' dir='ltr'>varietatem</span> <span class='ocrx_word' id='word_1_269' title='bbox 1096 2138 1133 2171; x_wconf 86' lang='lat' dir='ltr'>et</span> <span class='ocrx_word' id='word_1_270' title='bbox 1156 2139 1290 2182; x_wconf 83' lang='lat' dir='ltr'>typum</span> <span class='ocrx_word' id='word_1_271' title='bbox 1315 2134 1530 2171; x_wconf 83' lang='lat' dir='ltr'>manifestae</span> <span class='ocrx_word' id='word_1_272' title='bbox 1553 2136 1655 2171; x_wconf 87' lang='lat' dir='ltr'>sunt.</span> 
     </span>
    </p>
   </div>
   <div class='ocr_carea' id='block_1_12' title="bbox 222 2195 1911 2432">
    <p class='ocr_par' dir='ltr' id='par_1_15' title="bbox 222 2195 1911 2432">
     <span class='ocr_line' id='line_1_33' title="bbox 314 2195 1911 2255; baseline 0 -17"><span class='ocrx_word' id='word_1_273' title='bbox 314 2232 320 2238; x_wconf 92' lang='lat'><strong>.</strong></span> <span class='ocrx_word' id='word_1_274' title='bbox 352 2198 717 2254; x_wconf 70' lang='lat' dir='ltr'>braclcytre&#39;clmm.</span> <span class='ocrx_word' id='word_1_275' title='bbox 749 2199 863 2242; x_wconf 85' lang='lat' dir='ltr'>Folia</span> <span class='ocrx_word' id='word_1_276' title='bbox 894 2199 1100 2255; x_wconf 84' lang='lat' dir='ltr'>profunde</span> <span class='ocrx_word' id='word_1_277' title='bbox 1129 2198 1283 2255; x_wconf 79' lang='lat' dir='ltr'>partita</span> <span class='ocrx_word' id='word_1_278' title='bbox 1310 2204 1345 2240; x_wconf 84' lang='lat' dir='ltr'>et</span> <span class='ocrx_word' id='word_1_279' title='bbox 1376 2198 1489 2254; x_wconf 81' lang='lat' dir='ltr'>calyx</span> <span class='ocrx_word' id='word_1_280' title='bbox 1514 2196 1686 2239; x_wconf 89' lang='lat' dir='ltr'>villosus</span> <span class='ocrx_word' id='word_1_281' title='bbox 1714 2195 1817 2253; x_wconf 80' lang='lat' dir='ltr'>typi,</span> <span class='ocrx_word' id='word_1_282' title='bbox 1838 2196 1911 2238; x_wconf 88' lang='lat' dir='ltr'>sed</span> 
     </span>
     <span class='ocr_line' id='line_1_34' title="bbox 223 2219 1904 2314; baseline -0.002 -15"><span class='ocrx_word' id='word_1_283' title='bbox 223 2219 519 2300; x_wconf 49' lang='lat' dir='ltr'>indumentum</span> <span class='ocrx_word' id='word_1_284' title='bbox 540 2258 669 2313; x_wconf 73' lang='lat' dir='ltr'>partis</span> <span class='ocrx_word' id='word_1_285' title='bbox 688 2258 923 2314; x_wconf 79' lang='lat' dir='ltr'>superiolis</span> <span class='ocrx_word' id='word_1_286' title='bbox 951 2257 1082 2300; x_wconf 84' lang='lat' dir='ltr'>caulis</span> <span class='ocrx_word' id='word_1_287' title='bbox 1110 2264 1151 2299; x_wconf 82' lang='lat' dir='ltr'>et</span> <span class='ocrx_word' id='word_1_288' title='bbox 1178 2256 1481 2313; x_wconf 81' lang='lat' dir='ltr'>pcdiccllorum</span> <span class='ocrx_word' id='word_1_289' title='bbox 1499 2255 1626 2297; x_wconf 83' lang='lat' dir='ltr'>breve</span> <span class='ocrx_word' id='word_1_290' title='bbox 1655 2254 1904 2311; x_wconf 87' lang='lat' dir='ltr'>crispulum.</span> 
     </span>
     <span class='ocr_line' id='line_1_35' title="bbox 227 2312 1906 2372; baseline -0.002 -14"><span class='ocrx_word' id='word_1_291' title='bbox 227 2315 276 2358; x_wconf 90' lang='lat' dir='ltr'>G.</span> <span class='ocrx_word' id='word_1_292' title='bbox 311 2318 620 2372; x_wconf 69' lang='lat' dir='ltr'>gyymnocaulon</span> <span class='ocrx_word' id='word_1_293' title='bbox 647 2330 713 2360; x_wconf 84' lang='lat' dir='ltr'>Dc.</span> <span class='ocrx_word' id='word_1_294' title='bbox 749 2317 895 2359; x_wconf 83' lang='lat' dir='ltr'>Prodr.</span> <span class='ocrx_word' id='word_1_295' title='bbox 919 2317 959 2368; x_wconf 84' lang='grc' dir='ltr'>Ι,</span> <span class='ocrx_word' id='word_1_296' title='bbox 991 2330 1030 2372; x_wconf 92' lang='lat' dir='ltr'>p.</span> <span class='ocrx_word' id='word_1_297' title='bbox 1048 2315 1155 2358; x_wconf 70' lang='lat'>6401</span> <span class='ocrx_word' id='word_1_298' title='bbox 1193 2314 1241 2358; x_wconf 93' lang='lat' dir='ltr'>G.</span> <span class='ocrx_word' id='word_1_299' title='bbox 1264 2314 1601 2368; x_wconf 61' lang='lat' dir='ltr'>amethystimom</span> <span class='ocrx_word' id='word_1_300' title='bbox 1623 2313 1777 2355; x_wconf 90' lang='lat' dir='ltr'>Ledeb.</span> <span class='ocrx_word' id='word_1_301' title='bbox 1800 2312 1906 2355; x_wconf 85' lang='lat' dir='ltr'>Bull.</span> 
     </span>
     <span class='ocr_line' id='line_1_36' title="bbox 222 2374 805 2432; baseline 0 -16"><span class='ocrx_word' id='word_1_302' title='bbox 222 2374 294 2416; x_wconf 88' lang='lat' dir='ltr'>Ac.</span> <span class='ocrx_word' id='word_1_303' title='bbox 316 2374 515 2417; x_wconf 68' lang='lat' dir='ltr'>&#39;Petersb</span> <span class='ocrx_word' id='word_1_304' title='bbox 549 2376 602 2428; x_wconf 82' lang='lat' dir='ltr'>ll,</span> <span class='ocrx_word' id='word_1_305' title='bbox 632 2390 672 2432; x_wconf 91' lang='lat' dir='ltr'>p.</span> <span class='ocrx_word' id='word_1_306' title='bbox 705 2375 805 2418; x_wconf 68' lang='lat'>⁶214.</span> 
     </span>
    </p>
   </div>
   <div class='ocr_carea' id='block_1_13' title="bbox 226 2440 1913 2553">
    <p class='ocr_par' dir='ltr' id='par_1_16' title="bbox 226 2440 1913 2553">
     <span class='ocr_line' id='line_1_37' title="bbox 284 2440 1913 2499; baseline -0.002 -17"><span class='ocrx_word' id='word_1_307' title='bbox 284 2446 383 2483; x_wconf 87' lang='lat' dir='ltr'>Hab.</span> <span class='ocrx_word' id='word_1_308' title='bbox 413 2446 449 2483; x_wconf 93' lang='lat' dir='ltr'>in</span> <span class='ocrx_word' id='word_1_309' title='bbox 474 2447 603 2485; x_wconf 77' lang='lat' dir='ltr'>Iberia</span> <span class='ocrx_word' id='word_1_310' title='bbox 624 2443 812 2498; x_wconf 74' lang='lat' dir='ltr'>(Stevl),</span> <span class='ocrx_word' id='word_1_311' title='bbox 840 2447 1000 2494; x_wconf 77' lang='lat' dir='ltr'>regione</span> <span class='ocrx_word' id='word_1_312' title='bbox 1031 2444 1238 2493; x_wconf 71' lang='lat' dir='ltr'>subalpina</span> <span class='ocrx_word' id='word_1_313' title='bbox 1269 2443 1488 2499; x_wconf 83' lang='lat' dir='ltr'>Adscbarae</span> <span class='ocrx_word' id='word_1_314' title='bbox 1518 2440 1692 2492; x_wconf 68' lang='lat' dir='ltr'>(Noram.</span> <span class='ocrx_word' id='word_1_315' title='bbox 1731 2442 1769 2478; x_wconf 91' lang='lat' dir='ltr'>in</span> <span class='ocrx_word' id='word_1_316' title='bbox 1805 2441 1913 2479; x_wconf 87' lang='lat' dir='ltr'>herb.</span> 
     </span>
     <span class='ocr_line' id='line_1_38' title="bbox 226 2504 412 2553; baseline 0.005 -12"><span class='ocrx_word' id='word_1_317' title='bbox 226 2504 412 2553; x_wconf 75' lang='lat' dir='ltr'>Ledebl).</span> 
     </span>
    </p>
   </div>
   <div class='ocr_carea' id='block_1_14' title="bbox 228 2564 1911 2670">
    <p class='ocr_par' dir='ltr' id='par_1_17' title="bbox 228 2564 1911 2670">
     <span class='ocr_line' id='line_1_39' title="bbox 228 2564 1911 2668; baseline -0.004 -56"><span class='ocrx_word' id='word_1_318' title='bbox 228 2626 252 2668; x_wconf 76' lang='lat' dir='ltr'>d</span> <span class='ocrx_word' id='word_1_319' title='bbox 286 2570 325 2612; x_wconf 75' lang='grc' dir='ltr'>ὃ.</span> <span class='ocrx_word' id='word_1_320' title='bbox 352 2569 652 2624; x_wconf 64' lang='lat' dir='ltr'>pm‘vz&#39;slormn.</span> <span class='ocrx_word' id='word_1_321' title='bbox 685 2569 829 2612; x_wconf 86' lang='lat' dir='ltr'>Flores</span> <span class='ocrx_word' id='word_1_322' title='bbox 863 2568 1073 2619; x_wconf 88' lang='lat' dir='ltr'>minores,</span> <span class='ocrx_word' id='word_1_323' title='bbox 1112 2567 1265 2624; x_wconf 82' lang='lat' dir='ltr'>calycis</span> <span class='ocrx_word' id='word_1_324' title='bbox 1302 2566 1599 2608; x_wconf 87' lang='lat' dir='ltr'>indumentum</span> <span class='ocrx_word' id='word_1_325' title='bbox 1635 2565 1776 2622; x_wconf 88' lang='lat' dir='ltr'>patule</span> <span class='ocrx_word' id='word_1_326' title='bbox 1801 2564 1911 2619; x_wconf 79' lang='lat' dir='ltr'>glan—</span> 
     </span>
     <span class='ocr_line' id='line_1_40' title="bbox 257 2628 440 2670; baseline 0.011 -3"><span class='ocrx_word' id='word_1_327' title='bbox 257 2628 440 2670; x_wconf 88' lang='lat' dir='ltr'>ulosum.</span> 
     </span>
    </p>
   </div>
   <div class='ocr_carea' id='block_1_15' title="bbox 289 2696 1474 2747">
    <p class='ocr_par' dir='ltr' id='par_1_18' title="bbox 289 2696 1474 2747">
     <span class='ocr_line' id='line_1_41' title="bbox 289 2696 1474 2747; baseline -0.001 -12"><span class='ocrx_word' id='word_1_328' title='bbox 289 2699 389 2736; x_wconf 89' lang='lat' dir='ltr'>Hab.</span> <span class='ocrx_word' id='word_1_329' title='bbox 415 2700 451 2736; x_wconf 90' lang='lat' dir='ltr'>in</span> <span class='ocrx_word' id='word_1_330' title='bbox 479 2704 608 2737; x_wconf 85' lang='lat' dir='ltr'>monte</span> <span class='ocrx_word' id='word_1_331' title='bbox 633 2699 869 2747; x_wconf 82' lang='lat' dir='ltr'>Jyldisdagh</span> <span class='ocrx_word' id='word_1_332' title='bbox 894 2698 1086 2736; x_wconf 83' lang='lat' dir='ltr'>Anatoliae</span> <span class='ocrx_word' id='word_1_333' title='bbox 1111 2699 1196 2736; x_wconf 84' lang='lat' dir='ltr'>bor.</span> <span class='ocrx_word' id='word_1_334' title='bbox 1223 2696 1474 2746; x_wconf 74' lang='lat' dir='ltr'>(Wiedemt).</span> 
     </span>
    </p>
   </div>
   <div class='ocr_carea' id='block_1_16' title="bbox 236 2838 1921 2960">
    <p class='ocr_par' dir='ltr' id='par_1_19' title="bbox 236 2838 1921 2960">
     <span class='ocr_line' id='line_1_42' title="bbox 292 2838 1921 2903; baseline -0.004 -16"><span class='ocrx_word' id='word_1_335' title='bbox 292 2843 350 2886; x_wconf 84' lang='lat' dir='ltr'>G.</span> <span class='ocrx_word' id='word_1_336' title='bbox 385 2844 949 2899; x_wconf 83' lang='lat' dir='ltr'>Peloponnesiacum</span> <span class='ocrx_word' id='word_1_337' title='bbox 978 2842 1129 2897; x_wconf 79' lang='lat' dir='ltr'>(Boiss.</span> <span class='ocrx_word' id='word_1_338' title='bbox 1161 2841 1310 2897; x_wconf 82' lang='lat' dir='ltr'>Diagn.</span> <span class='ocrx_word' id='word_1_339' title='bbox 1340 2840 1514 2893; x_wconf 55' lang='lat' dir='ltr'>Sex-„lh</span> <span class='ocrx_word' id='word_1_340' title='bbox 1546 2840 1579 2892; x_wconf 84' lang='lat' dir='ltr'>l,</span> <span class='ocrx_word' id='word_1_341' title='bbox 1608 2855 1649 2896; x_wconf 91' lang='lat' dir='ltr'>p.</span> <span class='ocrx_word' id='word_1_342' title='bbox 1681 2838 1784 2896; x_wconf 59' lang='lat'>1110&gt;</span> <span class='ocrx_word' id='word_1_343' title='bbox 1803 2839 1921 2903; x_wconf 77' lang='lat' dir='ltr'>caule</span> 
     </span>
     <span class='ocr_line' id='line_1_43' title="bbox 236 2899 1921 2960; baseline -0.002 -18"><span class='ocrx_word' id='word_1_344' title='bbox 236 2901 383 2943; x_wconf 85' lang='lat' dir='ltr'>humili</span> <span class='ocrx_word' id='word_1_345' title='bbox 413 2902 537 2959; x_wconf 82' lang='lat' dir='ltr'>paulo</span> <span class='ocrx_word' id='word_1_346' title='bbox 565 2915 692 2958; x_wconf 83' lang='lat' dir='ltr'>supra</span> <span class='ocrx_word' id='word_1_347' title='bbox 719 2901 840 2943; x_wconf 86' lang='lat' dir='ltr'>basin</span> <span class='ocrx_word' id='word_1_348' title='bbox 869 2901 1114 2944; x_wconf 87' lang='lat' dir='ltr'>dichotomo</span> <span class='ocrx_word' id='word_1_349' title='bbox 1141 2900 1281 2960; x_wconf 88' lang='lat' dir='ltr'>patule</span> <span class='ocrx_word' id='word_1_350' title='bbox 1316 2899 1428 2941; x_wconf 84' lang='lat' dir='ltr'>hirto</span> <span class='ocrx_word' id='word_1_351' title='bbox 1456 2912 1640 2955; x_wconf 87' lang='lat' dir='ltr'>superne</span> <span class='ocrx_word' id='word_1_352' title='bbox 1674 2905 1720 2941; x_wconf 89' lang='lat' dir='ltr'>ut</span> <span class='ocrx_word' id='word_1_353' title='bbox 1748 2904 1789 2941; x_wconf 92' lang='lat' dir='ltr'>et</span> <span class='ocrx_word' id='word_1_354' title='bbox 1815 2910 1921 2939; x_wconf 70' lang='lat' dir='ltr'>raim</span> 
     </span>
    </p>
   </div>
  </div>
 </body>
</html>
