2021 3235
963 134 1022 179 52

205 236 306 275 Hab.
339 235 378 273 in
408 233 577 273 humidis
601 235 640 271 et
669 231 898 281 paludosis,
932 230 1037 269 eirea
1067 229 1295 278 Bysantium
1322 226 1387 282 (ex
1417 224 1567 284 Buxb.)
1590 232 1632 267 et
1659 228 1834 278 probab.

146 296 256 335 alibi.

204 362 280 402 Ar.
303 361 464 412 Geogr.
488 361 647 409 Europa
669 360 840 398 borealis
864 362 903 398 et
923 358 1065 408 media,
1089 356 1244 406 Sibiria,
1271 355 1453 394 Amerina
1477 355 1662 395 borealis.

217 504 278 546 R.
320 501 654 558 pulchellus
699 497 876 555 (C.A.M.
924 496 984 540 Fl.
1029 496 1110 538 Alt.
1142 495 1196 547 ll,
1224 508 1321 551 pag.
1358 493 1469 550 333)
1505 493 1652 550 glaber
1694 492 1835 536 rarius

142 561 405 618 pubescens,
444 558 678 601 rhiromate
718 556 836 599 brevi
864 556 916 599 ad
944 554 1098 598 collum
1131 552 1337 595 fibrilloso
1356 588 1365 606 ,
1395 551 1507 595 foliis
1550 551 1835 595 inferioribus

143 618 486 674 ovato-oblongis
512 616 706 659 indivisis
742 616 806 658 vel
833 613 1000 657 trilobis
1032 611 1213 655 caulinis
1240 610 1433 667 partitis,
1461 609 1655 653 caulibus
1692 609 1835 653 stricte

144 678 340 731 ramosis,
376 675 528 733 sepalis
547 674 807 733 patentibus,
836 673 951 730 spica
979 673 1101 714 ovata
1126 669 1323 726 carpellis
1351 669 1541 712 obovatis
1559 675 1699 712 rostro
1727 668 1836 711 ensi-

144 737 269 780 formi
298 742 412 779 recto
431 748 541 791 saepe
569 733 811 790 aequilongo
839 729 1050 788 superatis
1092 737 1129 778 26
1145 764 1153 772 .

200 807 301 845 Hab.
329 807 367 844 in
390 805 557 843 humidis
582 802 772 841 subsalsis
794 801 1013 849 Affghaniae
1028 795 1159 854 (Griff.
1185 812 1232 837 ex
1254 798 1374 837 Hook
1396 800 1435 836 et
1456 796 1532 835 Th.
1559 796 1621 836 Fl.
1645 797 1730 836 Ind.
1745 796 1775 850 ).

201 871 277 911 Ar.
296 871 457 921 Geogr.
482 871 626 910 Sibiria
649 870 805 908 Altaica
828 871 867 906 et
891 867 1079 917 Dahuria,
1106 867 1314 915 Himalaya
1330 864 1598 904 occidentalis.

202 995 263 1037 R.
292 991 667 1048 strigillosus
697 988 849 1046 (Boiss.
881 993 921 1030 et
948 986 1060 1029 Huet
1096 984 1245 1041 Diagn.
1288 983 1378 1028 Ser.
1421 985 1475 1038 ΙΙ,
1508 984 1558 1038 V,
1593 999 1634 1042 p.
1676 984 1720 1042 7)
1759 984 1835 1028 ad-

143 1065 289 1109 presse
318 1049 727 1107 strigilloso-hirtus,
757 1046 991 1089 rbizomate
1018 1044 1136 1087 brevi
1164 1043 1216 1086 ad
1243 1043 1399 1086 collum
1417 1042 1558 1097 nude,
1587 1042 1697 1086 foliis
1725 1042 1835 1086 infe-

144 1110 332 1154 rioribus
365 1107 560 1165 oblongis
586 1108 649 1150 vel
678 1102 1084 1161 oblongo-ellipticis
1111 1101 1366 1146 acuminatis
1394 1101 1573 1159 integris
1607 1102 1672 1144 vel
1703 1116 1835 1159 prope

145 1169 309 1227 apicem
336 1167 536 1223 utrinque
563 1167 688 1208 dente
717 1170 840 1208 acuto
868 1162 1087 1206 instructis
1105 1198 1114 1216 ,
1142 1160 1322 1205 caulinis
1364 1167 1542 1218 anguste
1581 1160 1832 1215 linearibus,

145 1229 264 1271 caule
298 1226 441 1270 stricte
472 1225 542 1268 1-3
569 1225 693 1278 floro,
723 1223 876 1280 sepalis
904 1221 1098 1274 reflexis,
1127 1220 1244 1277 spica
1269 1219 1458 1263 breviter
1484 1222 1606 1262 ovata
1640 1219 1835 1277 carpellis

145 1286 335 1329 obovatis
362 1283 701 1340 subcompressis
735 1282 778 1324 in
805 1288 991 1325 rostrum
1020 1279 1211 1336 sextuplo
1237 1278 1411 1322 brevius
1444 1277 1835 1335 conico-compres-

145 1359 239 1388 sum
267 1343 523 1387 abeuntibus
561 1350 620 1391 26.

203 1415 302 1453 Hab.
329 1415 367 1452 in
391 1413 557 1451 humidis
580 1410 775 1449 Armeniae
797 1409 976 1448 Turcicae
997 1419 1121 1457 prope
1145 1405 1416 1446 Palanfeuken
1446 1408 1514 1446 alt.
1541 1404 1833 1447 6000’-7000'

146 1473 266 1524 (Huet
283 1473 339 1524 1),
367 1474 405 1511 in
428 1476 559 1511 monte
582 1470 759 1509 Ssahend
781 1481 894 1520 prOV.
921 1468 1167 1517 Aderbidjan
1184 1467 1331 1506 Persiae
1356 1465 1534 1519 (Buhse).
1553 1467 1612 1505 Fl.
1637 1467 1755 1506 Julio.

788 1562 819 1614 -Χ-
840 1562 871 1614 †
901 1562 999 1601 Axis
1023 1561 1186 1600 hirsuta.

206 1690 267 1733 R.
309 1685 692 1744 cymbalariae
725 1680 898 1737 (Pursh.
930 1678 990 1721 Fl.
1022 1678 1115 1721 bor.
1148 1677 1289 1722 Amer.
1328 1678 1382 1731 ll,
1419 1692 1460 1735 p.
1499 1677 1603 1735 392)
1646 1678 1836 1722 minutus

147 1748 294 1805 glaber
328 1747 392 1790 vel
432 1745 573 1803 patule
606 1742 763 1793 hirtus,
808 1738 1042 1781 rliizomate
1069 1736 1189 1780 brevi
1228 1737 1417 1794 ssagellos
1449 1737 1599 1794 longos
1640 1744 1837 1795 repentes

148 1807 309 1860 edenti,
343 1805 453 1849 foliis
482 1800 738 1846 radicalibus
772 1812 793 1841 e
820 1796 911 1840 basi
938 1798 1118 1839 cuneata
1144 1796 1207 1838 vel
1236 1796 1494 1839 subcordata
1521 1795 1653 1839 ovatis
1679 1797 1745 1840 vel
1772 1810 1838 1839 or-

148 1865 345 1909 biculatis
387 1864 537 1907 obtuse
572 1859 643 1903 35
685 1856 892 1908 dentatis,
930 1853 1122 1898 caulibus
1164 1854 1494 1913 scapiformibus
1529 1854 1544 1896 Ι
1578 1854 1719 1897 rarius
1760 1853 1838 1897 2-3

149 1924 292 1977 floris,
328 1922 482 1980 sepalis
523 1915 849 1977 glabriusculis,
890 1914 1005 1971 spica
1032 1913 1215 1968 oblonga
1251 1913 1447 1970 carpellis
1474 1912 1839 1957 numerosissimis

149 1982 338 2025 minimis
365 1979 556 2024 obovatis
589 1973 845 2032 compressis
871 1972 1073 2028 utrinque
1101 1970 1330 2016 tricostatis
1358 1971 1400 2013 in
1431 1978 1616 2014 rostrum
1642 1971 1839 2015 brevissi-

149 2055 267 2083 mum
296 2045 458 2083 rectum
485 2034 821 2080 mucroniforme
848 2029 1077 2074 attenuatis
1114 2037 1175 2078 26.

208 2111 308 2148 Hab.
343 2110 382 2147 in
415 2106 583 2146 humidis
621 2103 834 2151 subsalsis,
875 2100 1020 2138 Persiae
1056 2099 1141 2137 bor.
1181 2099 1221 2136 in
1256 2109 1368 2146 prov.
1403 2098 1547 2138 Ghilan
1583 2096 1724 2152 (Auch.
1756 2111 1838 2138 exe.

149 2168 288 2210 4004!
304 2169 345 2220 ),
373 2166 591 2216 Affghaniae
613 2174 738 2213 prope
763 2160 912 2200 Caboul
936 2157 1066 2210 (Griff.
1082 2158 1121 2209 l)
1146 2158 1206 2196 Fl.
1231 2161 1314 2196 aest.

209 2235 284 2274 Ar.
303 2233 466 2284 Geogr.
490 2231 634 2271 Sibiria
657 2227 813 2267 Altaiea
834 2230 873 2265 et
893 2225 1147 2276 Baicalensis,
1167 2223 1325 2262 Tibetia
1350 2226 1389 2262 et
1406 2224 1545 2274 jugum
1564 2224 1839 2276 Himalaicum,

150 2295 334 2335 Amerina
356 2293 527 2333 borealis
550 2294 589 2329 et
613 2288 795 2329 australis
819 2287 857 2324 in
882 2285 1095 2324 montibus.

780 2392 934 2436 Sumus
960 2390 1007 2434 Β.
1037 2390 1203 2434 Ammoi.

255 2517 275 2574 ξ
307 2518 348 2560 Ἰ.
383 2514 583 2571 Carpella
609 2516 731 2555 ovata
754 2509 1083 2565 immarqimtta.
1105 2506 1256 2550 Patala
1283 2505 1375 2549 basi
1391 2504 1527 2548 nuda.
1554 2503 1662 2548 Asis
1683 2503 1838 2560 pilosa.

213 2641 274 2684 R.
317 2638 644 2683 sceleratus
678 2633 742 2690 (L.
774 2632 843 2689 Sp.
875 2630 1002 2688 776),
1032 2631 1152 2674 caule
1180 2635 1321 2672 erecto
1349 2642 1543 2682 ramoso,
1582 2626 1693 2670 foliis
1720 2626 1843 2683 ‚infe-

155 2698 343 2742 rioribus
369 2693 592 2753 tripartitis
628 2692 777 2737 obtuse
810 2690 956 2733 incisis
990 2687 1284 2747 superioribus
1320 2686 1474 2730 trifidis
1505 2684 1670 2730 laciniis
1710 2685 1844 2728 linea-

155 2758 297 2809 ribus,
333 2753 486 2812 sepalis
528 2750 722 2804 reflexis,
760 2749 912 2807 petalis
949 2749 1091 2806 calyce
1122 2746 1420 2799 brevioribus,
1449 2745 1633 2803 capitulo
1660 2743 1844 2800 oblongo

157 2815 352 2873 carpellis
381 2810 568 2856 minimis
594 2807 836 2852 numerosis
865 2807 1054 2850 obovatis
1082 2804 1337 2862 compressis
1371 2804 1422 2847 ad
1453 2803 1690 2861 marginem
1719 2802 1844 2846 obtu-

156 2889 251 2918 sum
277 2873 389 2916 linea
422 2871 629 2926 impressa
656 2866 805 2910 cinctis
828 2865 944 2908 disco
971 2872 1209 2909 transverse
1239 2862 1452 2920 rugulosis
1479 2861 1728 2906 brevissime
1757 2874 1846 2903 mu-

158 2930 342 2977 cronatis
373 2935 440 2983 Θ.
471 2928 528 2971 Ic.
560 2925 693 2969 Rchb.
725 2924 796 2982 fig.
832 2922 963 2966 4598.
