2021 3235
1046 122 1131 167 226

236 274 274 311 d·
296 214 436 252 Affinis
466 225 547 252 var.
571 212 616 265 β.
653 216 912 263 praecedentis
937 217 1007 256 sed
1031 217 1126 257 folia
1150 218 1306 268 latiora,
1335 218 1524 258 inferiora
1546 219 1700 269 integra
1725 223 1764 258 et
1786 220 1928 269 stigma

264 285 446 312 iversum.

291 430 360 473 M.
387 429 666 485 brevipes
696 429 813 486 (Kar.
846 436 886 473 et
913 430 1002 474 Kir.
1035 431 1188 475 Enum.
1220 432 1347 489 Song.
1379 433 1529 477 n0106
1557 434 1636 477 sub
1663 434 1922 492 Sisymbrio)

231 494 389 544 praeter
415 487 522 544 pilos
549 501 721 545 sparsos
747 487 937 533 bifurcos
965 489 1130 545 glabra,
1174 490 1286 535 soliis
1322 491 1518 548 oblongis
1553 506 1700 548 grosse
1732 493 1923 538 sinuato-

230 545 430 599 dentatis,
459 545 639 590 floribus
665 546 855 591 minimis
883 547 1202 604 subsessilibus,
1231 549 1381 606 petalis
1409 551 1515 593 albis
1541 551 1795 607 linearibus,
1833 552 1922 596 sili-

229 604 325 661 quis
343 604 547 648 contortis
568 612 804 649 retrorsum
827 613 867 649 et
884 606 1066 663 sparsim
1086 607 1332 652 aculeolatis
1349 609 1413 652 vel
1433 609 1609 666 glabris,
1637 610 1833 667 stigmate
1850 625 1922 655 co-

227 663 325 707 nico
353 662 617 706 acutiusculo
649 670 715 716 O.
746 664 1044 708 Dontostemon
1071 666 1256 723 brevipes
1283 666 1428 724 Bunge
1455 668 1500 710 in
1526 668 1675 712 Lehm.
1705 683 1747 726 p.
1777 668 1878 713 203.

285 733 384 772 Hab.
426 733 464 771 in
489 734 664 772 arenosis
688 734 833 773 Persiae
864 735 1065 773 orientalis
1096 733 1320 787 (Bungei),
1345 737 1620 776 'surkestaniae
1644 738 1694 777 ad
1730 738 1917 778 Buchara

225 791 417 844 (Lehmo,
444 792 663 841 Affghaniae
689 794 814 832 occid.
842 792 995 845 (Bunge
1015 792 1056 846 l).

282 860 422 899 Affinis
445 859 484 899 S.
515 861 685 899 toruloso
712 873 795 899 var.
819 858 851 913 β
876 861 947 899 sed
970 859 1066 899 folia
1093 861 1235 900 latiora
1260 865 1299 900 et
1335 863 1478 913 stigma
1510 866 1668 903 acutum
1700 875 1772 903 nec
1810 865 1918 904 obtu-

219 932 304 959 sum
329 923 514 958 retusum.
540 920 763 959 Filamenta
787 920 940 970 majora
961 920 1002 958 in
1023 919 1097 960 hac
1121 924 1161 959 et
1183 922 1423 970 praecedenti
1448 923 1580 971 specie
1601 934 1676 972 per
1700 924 1811 972 paria
1832 925 1918 964 sub-

223 979 422 1019 cohaerent
446 980 515 1018 sed
540 979 697 1019 habitus
724 984 762 1018 et
785 980 981 1029 stigmatis
1005 979 1130 1018 forma
1153 992 1176 1018 a
1199 980 1497 1021 Dontostemone
1520 982 1636 1021 alieni
1661 985 1764 1021 sunt.

277 1045 353 1086 Ar.
385 1046 548 1097 Geogr.
581 1047 788 1098 Songaria.

275 1223 344 1265 M.
373 1223 702 1267 aculeolata
729 1222 882 1279 (Boiss.
903 1223 1013 1266 Ann.
1034 1222 1100 1266 Sc.
1122 1223 1216 1266 Nat.
1248 1221 1365 1266 1842
1392 1237 1433 1280 p.
1464 1222 1519 1266 75
1546 1222 1631 1266 sub
1652 1220 1911 1281 Sisymbrz‘o)

216 1281 383 1337 glabra,
428 1282 548 1324 caule
583 1295 713 1336 nano,
757 1281 866 1325 foliis
894 1281 1132 1325 carnosulis
1160 1281 1356 1337 oblongis
1383 1281 1534 1325 obtuse
1560 1279 1823 1339 pinnatifidis
1849 1283 1911 1325 vel

216 1339 380 1398 lyr-atis,
410 1353 581 1383 racemo
603 1339 675 1383 1-5
695 1340 821 1394 floro,
848 1340 1056 1398 pedicello
1083 1341 1227 1398 calyce
1253 1340 1504 1384 subsaccato
1530 1337 1735 1391 breviori,
1762 1339 1911 1397 petalis

216 1398 350 1442 roseis
377 1398 817 1455 oblongo-linearibus
844 1400 983 1457 calyce
1010 1398 1139 1456 duplo
1167 1398 1454 1455 longioribus,
1483 1397 1650 1456 siliquis
1665 1398 1910 1455 patentibus

213 1458 277 1500 vel
319 1456 486 1501 reflexis
525 1457 713 1501 tenuiter
748 1457 955 1502 teretibus
992 1456 1352 1501 striato-nervosis
1387 1464 1625 1502 retrorsum
1662 1456 1908 1501 aculeolatis

215 1516 334 1581 apice
371 1529 482 1572 saepe
520 1516 706 1559 incurvis
749 1523 789 1559 et
833 1515 1077 1569 attenuatis,
1122 1517 1319 1572 stigmate
1347 1516 1664 1560 subincrassato
1689 1522 1907 1560 truncato-

213 1574 357 1619 bllobo
388 1580 455 1626 Θ.
486 1574 572 1618 Sz'S.
602 1589 805 1633 asperum
831 1574 1019 1633 Semmp.
1051 1576 1108 1632 pl.
1139 1575 1266 1618 Arab.
1298 1588 1386 1618 exs.
1417 1589 1504 1619 non
1531 1574 1577 1617 L.

272 1647 374 1685 Hab.
401 1646 441 1683 in
464 1647 658 1685 umbrosis
691 1650 730 1684 et
764 1647 877 1686 cultis
909 1647 996 1697 jugi
1030 1645 1206 1686 Sinaitici
1234 1645 1435 1698 (Schimp.
1464 1658 1546 1685 exs.
1580 1643 1688 1685 1241
1721 1645 1901 1696 Boissl),

213 1705 351 1745 Persia
374 1705 553 1744 orientali
577 1706 679 1745 inter
705 1706 913 1756 Djendack
933 1710 972 1745 et
995 1705 1103 1744 Yezd
1125 1697 1329 1758 (Buhsel),
1354 1717 1479 1756 prope
1504 1704 1711 1745 Schahrud
1735 1708 1774 1743 et
1797 1704 1903 1744 Sert-

212 1765 334 1804 schah
371 1769 410 1803 et
447 1765 548 1803 inter
582 1764 779 1805 Chabbise
815 1769 855 1805 et
887 1766 1061 1805 Kerman
1089 1762 1336 1817 (Bungel),
1372 1762 1601 1805 Belutschia
1640 1764 1691 1803 ad
1727 1763 1904 1803 Nichara

213 1824 442 1876 (Stocksl).

272 1893 413 1931 Planta
442 1891 520 1933 5-4
542 1893 759 1943 pollicaris,
792 1893 887 1933 folia
909 1891 985 1934 5-8
1015 1894 1081 1932 lin.
1115 1894 1255 1942 longa,
1281 1893 1398 1932 flores
1429 1904 1561 1941 magn.
1586 1891 1638 1931 M.
1663 1889 1902 1942 parvisloroe,

213 1953 355 2002 siliqua
393 1953 635 2000 bipollicaris
668 1952 785 1993 lineae.
805 1954 960 1992 tertiam
982 1956 1135 2002 partem
1172 1952 1290 1991 diam.
1314 1953 1408 1992 lata.
1444 1952 1614 2001 Species·
1644 1951 1779 1990 habitu
1802 1951 1903 1989 inter

213 2012 477 2052 Malcolmiam
502 2016 541 2051 et
563 2011 828 2061 Siaymbrium
851 2012 1046 2052 subdubia
1076 2012 1147 2051 sed
1171 2013 1221 2051 ob
1252 2011 1370 2051 flores
1394 2023 1530 2051 roseos
1556 2014 1594 2050 et
1616 2011 1754 2057 valvas
1778 2010 1897 2049 multi-

212 2073 368 2112 nervias
392 2073 524 2122 potius
548 2072 785 2111 Maleolmia.

498 2228 521 2251 ἃ
553 2229 577 2252 ³*
609 2231 746 2268 Petala
771 2230 909 2279 calyce
933 2231 1051 2280 triplo
1075 2231 1272 2281 longiora.
1301 2231 1464 2281 Septum
1485 2233 1616 2270 tenue.

271 2354 341 2397 M.
368 2353 622 2409 Bunqei,
665 2355 785 2395 caule
813 2351 922 2395 elato
951 2365 1121 2396 ramoso
1147 2351 1244 2410 pilis
1270 2351 1425 2409 patulis
1452 2350 1719 2409 simplicibus
1745 2351 1902 2407 obsito,

214 2411 325 2455 foliis
352 2410 464 2469 pube
491 2409 689 2469 bipartita
717 2409 865 2454 obsitis
891 2409 1268 2467 lineari-oblongis
1295 2409 1691 2464 sinuato-dentatis,
1722 2411 1904 2454 racemis

214 2470 421 2526 elongatis
448 2469 568 2523 laxis,
595 2468 803 2527 pedicello
829 2468 961 2527 calyci
988 2468 1331 2526 subaequilongo‚
1358 2467 1508 2535 petalis
1529 2467 1904 2526 lineari-oblongis

215 2528 368 2583 roseis,
396 2527 561 2585 siliquis
587 2527 746 2584 glabris
773 2526 900 2586 rectis
926 2527 989 2571 vel
1016 2526 1282 2582 circinnatis‚
1317 2533 1515 2583 stigmate
1541 2526 1727 2571 breviter
1753 2527 1904 2571 conico

216 2587 480 2632 acutiusculo
511 2581 578 2639 (ξ’).
617 2586 915 2630 Dontostemon
940 2586 1262 2644 yrandislorum
1289 2584 1435 2643 Bunge
1461 2586 1517 2643 pl.
1549 2585 1697 2630 Lehm.
1727 2599 1768 2643 p.
1800 2585 1901 2631 211.

273 2659 375 2697 Hab.
406 2658 445 2696 in
469 2658 711 2707 rupestribus
733 2657 1010 2698 Turkestaniae
1032 2658 1133 2696 inter
1153 2656 1335 2696 Buchara
1359 2659 1398 2694 et
1420 2655 1628 2706 Karagata
1646 2655 1842 2708 (Lehmi).

272 2722 319 2777 β.
348 2720 625 2778 ylabrescens.
656 2718 795 2764 Caulis
820 2719 983 2775 glaber,
1012 2719 1112 2763 folia
1139 2725 1303 2763 tantum
1331 2718 1527 2775 margine
1545 2718 1714 2763 scabra.
1743 2717 1802 2762 M.
1824 2719 1906 2762 cir-

215 2781 390 2895 ‹glrffigga
428 2781 464 2822 J.
502 2779 550 2822 D.
586 2778 723 2822 Hook.
754 2784 795 2822 et
820 2778 897 2821 Th.
926 2778 1078 2822 Journ.
1109 2777 1232 2822 Proc.
1263 2777 1386 2821 Linn-
1416 2776 1510 2822 Soc.
1539 2777 1590 2832 V,
1618 2791 1659 2836 p.
1695 2776 1778 2821 155
1818 2791 1904 2821 non

275 2909 376 2949 Hab.
393 2908 431 2947 in
449 2906 659 2957 Affghanifi
682 2906 814 2959 (Griff.
833 2919 881 2947 ex
905 2905 1054 2961 Hook),
1072 2905 1301 2947 Belutschifi
1314 2917 1440 2957 prope
1466 2905 1672 2956 Gurghina
1696 2904 1904 2959 (Stooksi).
