2021 3235
1020 179 1104 224 950

275 272 321 326 β.
354 271 607 314 velutinum.
648 271 764 314 Folia
802 272 950 314 subtus
986 273 1187 315 velutina.
1227 273 1278 316 A.
1308 273 1553 316 obtusatum
1579 272 1658 315 Ait.
1689 273 1732 316 in
1758 273 1902 316 Willd.

215 329 335 386 Spec.
368 329 434 382 lV,
464 343 506 386 p.
537 328 637 373 984.

274 400 373 439 Hah.
399 401 437 438 in
460 404 591 438 monte
615 400 764 440 Scardo
787 401 1026 440 Macedoniae
1048 397 1259 457 (Griseb.).

275 466 349 507 Ar.
381 466 547 518 Geogr.
579 467 709 507 Gallia
732 469 932 516 australis,
959 470 1141 508 Helvetia
1167 470 1344 519 calidior,
1372 470 1498 519 Italia,
1526 470 1635 518 regio
1661 469 1909 509 DanubialiS.

273 624 334 666 A.
363 623 706 678 Hyrcanum
734 623 801 668 (F.
836 631 877 666 et
904 624 1007 681 Mey.
1041 624 1132 666 lnd.
1165 623 1214 665 lV
1250 622 1370 666 Hort.
1413 623 1579 679 Petrop.
1610 630 1659 664 n⁰
1687 621 1759 679 9),
1794 621 1907 665 soliis

216 681 365 724 subtus
400 682 560 736 glaucis
599 682 648 725 ad
679 682 823 725 axillas
850 682 1038 725 barbatis
1065 681 1332 725 subcordatis
1358 681 1577 738 palmatim
1604 679 1908 738 quinquelobis

218 739 326 782 lobis
353 739 488 783 tribus
523 740 791 784 intermediis
818 740 937 798 apice
964 740 1253 784 subtruncatis
1280 739 1569 783 obtusiuseule
1597 739 1659 781 vel
1685 746 1806 781 acute
1833 738 1909 781 tri-

216 797 390 850 lobatis,
429 798 609 842 floribus
635 800 761 855 longe
789 806 831 842 et
857 798 1041 842 tenuiter
1067 798 1330 855 pedicellatis
1357 798 1402 841 in
1429 798 1655 855 corymbos
1682 811 1778 840 mox
1804 811 1908 854 pen-

216 857 338 899 dulos
366 857 600 914 dispositis,
629 858 774 901 ovario
801 857 1107 913 glabriusculo,
1136 857 1212 900 alis
1239 857 1403 900 sructuS
1430 855 1908 900 erecto-subconniven-

217 914 331 958 tibus
357 921 398 967 ὅ.

274 986 379 1024 Hab.
407 987 445 1024 in
468 987 592 1034 sylvis
614 998 728 1035 prov,
751 986 927 1035 Talysch
954 983 1235 1040 (O.A.Meyi).

276 1043 323 1096 β.
359 1042 646 1085 Tauricolum.
678 1042 895 1086 Foliorum
923 1042 1175 1100 partitiones
1205 1041 1470 1085 intermediae
1497 1041 1653 1097 saepius
1681 1048 1802 1085 acute
1834 1042 1911 1084 tri-

217 1100 384 1143 lobatae.
416 1101 502 1144 Alae
529 1100 595 1143 vix
622 1101 895 1144 conniventes
922 1102 985 1144 vel
1013 1102 1298 1157 divergentes.
1328 1100 1379 1144 A.
1415 1100 1690 1143 Tauricolum
1716 1099 1850 1144 Boiss.
1871 1109 1913 1144 et

222 1158 311 1202 Bal.
343 1158 491 1215 Diagn.
523 1158 613 1202 Ser.
647 1158 701 1213 ll,
729 1160 778 1214 V,
805 1174 848 1217 p.
880 1158 949 1203 72.

277 1228 377 1266 Hab.
406 1229 444 1265 in
468 1228 602 1267 Tauro
625 1227 789 1268 Cilicico
815 1229 866 1266 ad
890 1227 1019 1267 Gfflek
1042 1219 1124 1278 (Ky
1148 1239 1230 1267 exs.
1255 1226 1345 1268 542
1361 1222 1429 1282 l),
1456 1228 1493 1265 in
1520 1227 1776 1276 Cappadocia
1798 1230 1911 1267 meri·

222 1287 368 1325 dionali
394 1288 443 1325 ad
467 1288 639 1326 Bosante
661 1287 792 1327 Tcha‘l‘
809 1284 966 1339 (Ball),
988 1289 1027 1326 in
1051 1291 1181 1327 monte
1205 1287 1431 1336 Berytdagh
1450 1286 1651 1326 Cataoniae
1674 1287 1740 1325 alt.
1753 1285 1874 1328 6000
1886 1290 1911 1317 '-

225 1344 363 1386 7000’
390 1345 561 1399 (Haussk
577 1344 621 1396 l).

280 1433 321 1472 y.
352 1411 593 1468 Reyyassei.
626 1411 742 1455 Folia
769 1425 854 1455 non
882 1412 1055 1455 cordata
1083 1411 1174 1455 basi
1201 1425 1322 1454 secus
1349 1410 1505 1454 lineam
1534 1417 1691 1454 rectam
1719 1417 1913 1455 truncata

220 1470 523 1527 partitionibus
551 1469 818 1514 intermediis
845 1470 995 1514 obtuse
1020 1470 1083 1513 vel
1109 1477 1230 1513 acute
1271 1469 1437 1513 trilobis
1454 1505 1463 1522 ‚
1507 1483 1685 1513 samarae
1726 1469 1914 1513 minores

221 1528 738 1630 alis7s2ubdivergentibus.
777 1529 831 1573 A.
862 1529 1091 1586 Reyqassei
1126 1528 1259 1572 Boiss.
1297 1536 1337 1572 et
1371 1527 1429 1570 ΒΙ.
1460 1527 1609 1585 Diagn.
1645 1528 1736 1571 Ser.
1768 1528 1828 1582 11,
1865 1529 1911 1581 V,

226 1601 253 1644 p
284 1658 385 1697 Hab.
419 1659 458 1696 in
484 1658 637 1697 Libano
660 1670 784 1708 prope
807 1659 922 1697 Eden
947 1657 1014 1709 (ol.
1043 1658 1267 1708 Reygasse!
1286 1661 1312 1706 ).

281 1725 418 1763 Flores
442 1737 518 1764 non
541 1726 634 1774 vidi,
658 1725 785 1764 forma
801 1725 981 1764 foliorum
1005 1724 1082 1763 huc
1104 1724 1233 1773 potius
1259 1736 1373 1774 quam
1397 1725 1448 1762 ad
1473 1724 1516 1762 A.
1533 1723 1779 1774 opulisolium
1802 1736 1915 1774 spec-

224 1789 309 1824 tare
331 1785 498 1824 videtur.

283 1934 306 1956 ⁹*
330 1933 353 1955 ἃ
386 1934 496 1972 Folia
517 1934 866 1983 subhysteranthia
884 1935 1040 1972 tandem
1061 1935 1253 1973 coriacea.
1277 1934 1496 1972 Filamenta
1511 1933 1662 1983 glabra,
1679 1932 1858 1970 foliorum

743 1994 1007 2033 masculorum
1031 1994 1181 2033 corolla
1204 1993 1397 2042 longiora,

702 2117 733 2170 -ι-
765 2118 939 2157 Petiolns
969 2119 1114 2157 lamina
1132 2119 1251 2157 multo
1277 2119 1447 2157 brevior.

285 2240 348 2283 A.
378 2240 673 2285 Creticum
702 2240 765 2297 (L.
796 2239 865 2296 Sp.
897 2237 1030 2296 1497)
1059 2238 1171 2282 foliis
1181 2238 1429 2297 junioribus
1447 2237 1604 2293 glabris
1623 2235 1919 2280 concoloribus

229 2311 358 2355 supra
409 2297 561 2341 lucidis
601 2298 938 2355 perennantibus
979 2297 1183 2340 coriaceis
1223 2297 1364 2354 parvis
1397 2311 1418 2339 a
1456 2296 1547 2340 basi
1590 2295 1815 2338 rotundata
1855 2296 1917 2338 vel

228 2359 407 2399 cuneata
432 2356 547 2399 varie
577 2356 810 2411 trilobatis,
835 2355 1079 2414 junioribus
1115 2355 1310 2413 oblongis
1337 2355 1546 2409 indivisis,
1575 2353 1789 2412 corymbis
1816 2353 1916 2397 sub-

227 2414 446 2458 sessilibus
487 2415 759 2469 nutantibus,
796 2415 946 2473 petalis
981 2415 1171 2458 obovatis
1199 2416 1342 2473 sepala
1367 2421 1489 2458 ovata
1516 2412 1916 2472 subs-uperamibus,

227 2474 371 2517 ovario
407 2474 545 2527 hirto,
584 2474 747 2518 fructus
779 2474 898 2531 parvi
934 2473 1011 2517 alis
1047 2473 1201 2517 erectis
1237 2475 1301 2516 vel
1328 2471 1730 2529 subdivergentibus
1756 2485 1916 2515 amoene

229 2532 366 2576 roseis
394 2538 434 2584 5.

284 2603 416 2641 Arbor
437 2606 618 2641 tortuosa
640 2603 910 2640 ramosissima
933 2604 983 2641 ab
1010 2602 1059 2641 A.
1089 2602 1403 2652 Monspessulanz·
1437 2601 1574 2639 formis
1614 2600 1717 2638 foliis
1751 2600 1923 2638 breviter

229 2662 429 2711 petiolatis
462 2662 601 2711 hyeme
635 2662 938 2710 perdurantibus
966 2662 1191 2711 junioribus
1216 2663 1352 2701 subtus
1376 2661 1538 2710 glabris,
1566 2671 1760 2699 ramorum
1792 2658 1926 2707 junio-

229 2734 312 2760 rum
339 2732 444 2770 saepe
467 2721 723 2760 dissimilibus
745 2721 909 2769 integris
935 2722 1135 2763 distincta.
1175 2721 1373 2760 Foliorum
1407 2721 1533 2758 forma
1571 2720 1684 2758 valde
1721 2717 1845 2757 variat
1884 2723 1922 2758 et

229 2782 318 2819 inde
345 2781 557 2819 varietates
582 2784 806 2828 sequentes.

289 2867 329 2890 α.
359 2845 770 2888 semiorbiculatum.
802 2845 919 2888 Folia
946 2845 1035 2889 basi
1056 2846 1284 2889 rotundata
1300 2843 1647 2888 semiorbiculata
1664 2844 1713 2887 ad
1734 2843 1920 2887 medium

230 2904 271 2946 in
305 2912 389 2946 tres
418 2904 536 2947 lobos
563 2905 748 2961 aequales
775 2912 917 2947 ovatos
944 2912 1090 2947 acutos
1108 2903 1257 2957 divisa,
1279 2918 1327 2946 ea
1345 2904 1396 2947 A.
1419 2903 1761 2960 Monspessulam·
1788 2902 1923 2945 forma

231 2963 478 3006 referentia.
