2021 3235
842 142 927 188 589

103 326 152 372 S.
181 338 487 371 racemosa
523 326 636 381 <ouh
666 326 706 367 in
737 339 802 368 nc.
836 326 984 368 Prodr.
1021 327 1051 380 l,
1080 342 1121 385 p.
1153 327 1256 386 384)
1287 329 1381 386 pilis
1409 330 1558 389 crispis
1585 347 1734 376 canes-

48 401 162 439 cens,
191 385 309 428 caule
338 384 498 441 pluries
526 391 566 427 et
591 384 854 427 divaricatim
883 384 1144 439 dichotomo,
1175 388 1285 430 soliis
1314 389 1736 446 oblongo-lanceola-

49 446 99 488 tis
126 445 277 497 aeuus,
305 443 524 486 floralibus
551 443 906 496 membranaceis,
937 444 1188 499 pedunculis
1216 447 1495 502 brevissimis,
1525 451 1666 507 calyce
1685 452 1734 494 ad

49 517 198 547 nervos
226 502 382 544 virides
408 502 700 559 prominentes
727 502 867 557 patule
896 513 1036 546 setoso
1063 503 1249 547 breviter
1274 506 1505 563 cylindrico
1539 509 1739 552 dentibus

49 561 232 605 breviter
257 561 499 604 lanceolatis
527 559 677 613 acutis,
708 559 925 604 fructifero
953 562 1284 620 ovato-oblongo
1302 600 1311 618 ,
1341 566 1499 609 lamina
1522 567 1615 610 alba
1651 569 1738 611 fere

50 621 100 664 ad
128 620 248 663 basin
276 620 318 662 in
346 620 520 662 lacinias
549 619 748 662 obovatas
774 619 974 676 bipartita
991 655 1001 674 ,
1039 634 1209 666 coronae
1244 623 1408 668 laciniis
1435 625 1636 669 brevibus
1663 627 1739 670 ob-

49 679 169 732 tusis,
200 679 370 735 capsula
397 682 533 732 ovata,
563 678 830 735 carpophoro
856 678 1126 733 brevissimo,
1145 681 1380 726 seminibus
1409 686 1739 739 rugoso-tuber-

51 737 198 781 culatis
224 737 330 779 facie
357 737 493 794 planis
521 737 648 780 dorso
676 737 1050 782 subcanaliculatis
1081 745 1127 790 G)
1159 747 1199 782 et
1226 741 1295 796 (a).
1328 741 1376 784 S.
1407 743 1649 787 divaricata
1676 745 1736 788 Fi.

52 796 184 840 Graec.
214 796 263 850 V,
293 810 332 853 p.
364 795 436 850 40,
465 796 549 839 tab.
581 795 637 838 44
663 810 747 838 non
774 795 903 839 Clem.

109 867 209 904 Hab.
235 866 270 902 in
296 868 490 903 montanis
514 866 976 916 Macedoniae(Fride1-!)‚
995 867 1173 916 Byzantii
1192 864 1361 920 (OastI),
1389 871 1564 920 Smyrnae
1585 873 1739 922 (Boissl

52 927 136 965 Bal.
161 937 242 964 exs.
268 923 396 975 99!),
423 925 545 963 Cariae
569 925 711 977 (Sibth.
738 922 938 979 Pinardl),
963 926 1206 977 Pamphyliae
1233 925 1431 982 (Heldrl).
1459 932 1518 970 Fl.
1543 933 1739 972 Mai.Jun.

111 994 249 1031 Planta
271 991 347 1032 25
383 993 536 1042 pedalis
566 1005 650 1042 quae
682 1005 706 1031 a
738 988 975 1042 praecedenti
1011 995 1176 1033 racemis
1209 997 1338 1045 longis
1364 998 1461 1036 laxis
1501 1000 1742 1049 divaricatis,

53 1054 186 1102 calyce
207 1051 283 1092 4-5
306 1053 431 1091 lineas
453 1057 601 1091 tantum
626 1053 757 1102 longo,
780 1052 934 1090 laminis
956 1052 1190 1101 profundius
1214 1056 1424 1108 bipartitis,
1450 1061 1613 1108 capsula
1628 1062 1745 1099 ovata

53 1117 112 1151 sat
135 1113 291 1151 differre
316 1113 484 1150 videtur.

109 1178 155 1231 β.
185 1176 509 1233 Sibtlzorpiana.
532 1175 687 1220 Similis
714 1183 830 1233 typo,
859 1174 931 1218 sed
959 1188 1118 1219 corona
1146 1177 1197 1221 ad
1224 1178 1346 1223 basin
1374 1180 1543 1225 laminae
1568 1182 1745 1227 minima

54 1236 104 1278 ad
132 1235 158 1278 02
185 1237 429 1292 squamulas
455 1236 517 1277 vcl
544 1235 695 1291 gibbos
722 1235 913 1277 reducta.
954 1233 1001 1277 S.
1043 1234 1355 1295 Sibthorpiana
1391 1240 1526 1284 Rchb.
1558 1241 1618 1284 Fl.
1655 1257 1741 1286 exc.

54 1308 95 1351 p.
126 1294 210 1337 345
237 1294 280 1337 in
308 1298 422 1337 nola.
453 1294 499 1337 S.
527 1295 766 1337 dichotoma
793 1293 854 1335 Fl.
884 1293 1020 1336 Graec.
1050 1293 1099 1347 V,
1130 1295 1213 1338 tab.
1245 1297 1331 1340 413
1357 1312 1442 1342 non
1472 1299 1515 1342 L.
1546 1300 1592 1343 S.
1621 1302 1746 1344 Thir-

56 1354 189 1396 keana
214 1354 256 1396 C.
280 1353 394 1396 Koch
422 1352 545 1396 Linn.
575 1353 684 1407 XIX,
710 1368 752 1410 p.
773 1351 844 1395 56.
866 1351 913 1394 S.
934 1352 1185 1409 sessilillora
1207 1355 1506 1416 Poii·etSuppl.
1529 1359 1577 1413 V,
1598 1374 1638 1417 p.
1664 1360 1747 1403 154

56 1418 95 1455 et
121 1412 252 1455 herb!

113 1484 213 1521 Hab.
241 1483 280 1520 in
303 1481 420 1520 oreta
445 1481 596 1532 (Sibthl
620 1481 744 1519 Heldr
757 1481 798 1531 1),
825 1480 956 1530 Cypro
984 1477 1122 1534 (Ky!)‚
1148 1483 1335 1523 Anatolia
1353 1488 1457 1525 omni
1482 1499 1505 1524 a
1530 1482 1740 1537 Bithynia!

53 1543 103 1580 ad
127 1542 386 1591 Armeniaml,
404 1541 518 1591 Syria
539 1542 590 1579 ad
615 1541 770 1589 Aleppo
799 1540 880 1593 (Ky
906 1552 986 1579 exs.
1005 1539 1129 1593 1172)
1157 1548 1196 1581 et
1217 1544 1411 1594 Tripolim
1438 1543 1503 1601 (Bl
1519 1540 1567 1602 l),
1596 1549 1745 1587 Palaes-

55 1603 137 1641 tina
177 1595 375 1654 (Boissl),
410 1601 693 1650 Mesopotamia
719 1600 862 1652 (Auch.
901 1612 982 1638 exs.
1016 1596 1189 1657 4751),
1217 1604 1354 1644 Persia
1376 1606 1477 1645 inter
1500 1607 1684 1646 Teheran
1710 1613 1748 1646 et

55 1662 199 1700 Tabris
218 1661 370 1712 (Bunge
384 1659 423 1713 l).

115 1730 206 1768 Icon
238 1729 453 1779 Sibthorpii
489 1730 652 1767 laminas
689 1729 746 1766 eis
781 1727 822 1766 S.
863 1740 1068 1768 racemosoe
1105 1731 1354 1779 angustiores
1380 1733 1540 1774 exhibet
1565 1737 1634 1774 sed
1662 1737 1744 1777 haec

54 1792 146 1827 nota
170 1790 294 1828 variat
315 1790 371 1827 uti
394 1791 431 1827 in
454 1789 540 1838 ipsa
560 1788 824 1837 descriptione
839 1786 1057 1838 Sibthorpii
1082 1790 1291 1830 indicatur.

54 1875 154 1958 33}
183 1854 361 1897 [berica.
400 1853 520 1912 Calyx
549 1853 836 1910 glabrescens.
883 1853 930 1896 S.
964 1852 1126 1897 [berica
1152 1855 1238 1899 ΜΒ.
1269 1855 1397 1899 Taur.
1427 1856 1552 1901 Cauc.
1585 1859 1618 1914 l,
1647 1873 1742 1917 pag.

114 1950 215 2023 Hab.
241 1984 278 2021 in
303 1995 415 2032 prov,
441 1982 666 2022 Caucasicis
691 1983 793 2034 (ΜΒ.
817 1982 1011 2032 Hohenl).

114 2052 174 2091 Ob
198 2051 354 2100 calyces
377 2051 518 2107 breves
540 2050 623 2090 haec
643 2051 768 2089 forma
792 2049 866 2089 huc
889 2049 1018 2098 potius
1044 2062 1160 2099 quam
1181 2052 1232 2090 ad
1255 2053 1427 2101 speciem
1454 2056 1747 2103 praecedentem

57 2115 222 2162 spectat.
253 2110 417 2149 Coronae
439 2110 588 2149 laciniae
613 2115 651 2149 ut
675 2111 714 2148 in
735 2114 847 2159 typo.
875 2109 1033 2147 Semina
1055 2122 1133 2148 non
1158 2111 1254 2150 vidi.

116 2178 155 2221 ὃ.
185 2175 434 2231 rubriflora.
481 2174 631 2219 Omnia
658 2174 744 2233 typi
773 2174 846 2218 sed
867 2173 1031 2226 >corolla
1058 2174 1223 2220 intense
1248 2190 1482 2234 purpurea.
1527 2177 1573 2222 S.
1602 2180 1749 2222 dicho-

58 2240 170 2278 toma
195 2248 282 2278 var.
313 2255 354 2294 y.
386 2233 541 2277 Ledeh.
572 2233 634 2277 Fl.
666 2234 785 2277 Ross.
818 2233 851 2285 I,
881 2247 922 2290 p.
952 2231 1054 2276 315.

115 2298 223 2336 Hab.
261 2298 300 2335 in
343 2308 454 2345 prov.
493 2295 720 2335 Caucasicis
756 2295 1066 2335 occidentalibus
1101 2294 1404 2350 (Nordmannl)
1430 2312 1466 2338 v,
1505 2311 1537 2338 s.
1564 2300 1603 2338 in
1630 2300 1748 2340 herb.

58 2357 207 2396 Ledeb.

445 2508 487 2549 b.
521 2510 659 2549 Flores
685 2522 819 2549 omnes
842 2510 1125 2549 unilateraliter
1149 2513 1357 2551 racemosi.

118 2640 171 2684 S.
206 2639 564 2684 Heldreichii
605 2639 755 2697 iBoiss.
795 2639 926 2696 Diagn
984 2639 1075 2683 Ser.
1112 2640 1146 2695 Ι,
1178 2640 1291 2695 VIII,
1321 2656 1361 2699 p.
1393 2641 1466 2700 81)
1512 2643 1609 2700 pilis
1645 2645 1753 2689 albis

59 2699 197 2754 longis
233 2699 427 2756 crispulis
464 2698 648 2741 molliter
683 2698 866 2755 hispida,
910 2699 1102 2742 caulibus
1134 2700 1461 2745 ascendentibus
1490 2703 1754 2760 sImplicibus

61 2759 123 2801 vel
151 2758 315 2800 inferne
342 2771 469 2815 parce
497 2757 739 2811 ramulosis,
769 2756 948 2801 floribus
976 2757 1196 2801 sessilibus
1224 2760 1312 2802 laxe
1341 2760 1381 2803 et
1407 2761 1532 2817 longe
1561 2775 1753 2806 racemo-

63 2816 137 2870 sis,
166 2816 275 2860 soliis
302 2815 559 2860 radicalibus
586 2816 1064 2874 oblongo-spathulatis,
1095 2816 1272 2860 caulinis
1291 2825 1332 2861 et
1347 2819 1529 2862 bracteis
1547 2820 1753 2877 oblongo-

62 2874 296 2918 linearibus
324 2874 458 2918 acutis
484 2876 645 2932 calyces
671 2875 897 2918 inferiores
924 2875 1212 2932 aequantibus,
1254 2878 1397 2934 calyce
1438 2880 1580 2934 patule
1623 2880 1754 2924 dense

65 2940 105 2976 et
131 2935 254 2990 longe
280 2933 426 2977 villoso
459 2947 481 2976 e
516 2933 606 2977 basi
646 2936 839 2977 truncata
880 2933 1111 2991 cylindrico
1150 2935 1292 2978 nervis
1332 2935 1539 2980 viridibus
1581 2939 1754 2982 elevatis
