2021 3235
1025 137 1110 181 466

279 266 320 307 y.
349 243 560 301 seqetalis.
592 240 729 292 Hirta,
759 238 858 282 folia
884 238 1346 295 oblongo-lanceolata,
1375 239 1515 295 petala
1531 237 1689 296 pallida
1706 237 1915 282 violaceo-

223 305 432 348 maculata
457 303 598 360 calyce
626 297 920 343 subbreviora.
960 297 1006 340 V.
1037 297 1234 354 seqetalis
1258 296 1377 339 Jord.

280 375 382 413 Hab.
405 374 445 411 in
471 372 584 411 cultis
610 369 803 408 montanis
828 366 964 417 Lydiae
989 368 1039 405 ad
1062 367 1293 415 Bulgaskioi
1318 367 1406 414 (Bal
1425 364 1467 418 !).

283 448 321 492 ὃ.
346 444 643 489 Kitaibeliana
662 440 878 497 (Ledeb.).
899 437 1393 483 Cinerascenti-velutina
1410 437 1602 494 gracilis,
1622 437 1752 481 flores
1765 437 1919 480 minuti

224 504 386 562 pallidi,
417 503 582 560 stipulae
610 499 762 543 lacinia
789 498 1043 541 intermedia
1070 498 1169 540 folio
1197 510 1308 554 saepe
1336 496 1501 540 similis.
1544 495 1590 539 V.
1621 496 1918 539 Kitaibelz'ana

226 565 273 607 R.
305 572 344 608 et
371 563 467 607 Sch.
507 561 552 604 V.
587 559 758 603 tricolor
785 571 873 600 var.
904 556 1056 600 tenella
1083 556 1249 599 Griseb.
1280 554 1422 612 Spicil.
1465 555 1511 598 V.
1543 555 1741 598 lilascens
1767 555 1914 597 Heldr.

224 625 280 680 pl.
312 637 397 666 exs.
454 620 499 663 V.
529 618 775 662 micrantha
802 616 956 658 Berlol.
990 615 1103 658 Misc.
1140 614 1229 657 Bot.
1262 628 1303 671 p.
1340 613 1495 657 151—
1516 613 1561 656 V.
1596 614 1751 656 tenella
1777 613 1921 656 Poiret

225 682 330 725 Dici..
364 680 473 733 VIll,
503 693 543 736 p.
566 676 651 721 644
687 676 941 732 incomplele
969 673 1182 730 descripta
1209 680 1272 716 est.
1299 686 1567 732 synonymon
1602 671 1714 715 inter
1740 672 1852 715 hanc
1880 678 1921 714 et

236 740 279 783 V.
308 740 543 797 parvulam
569 735 764 779 dubium.

287 813 389 853 Hab.
418 812 457 849 in
481 809 655 847 Thracia
682 803 840 861 (Griseb
857 799 908 852 i),
937 804 985 841 ad
1012 804 1164 842 radices
1188 802 1347 852 Olympi
1371 802 1556 840 Thessali
1580 800 1714 852 (Orph
1732 796 1790 857 i),
1815 801 1920 850 Tay-

227 878 318 921 geto
343 883 462 920 supra
487 868 755 907 Andronvista
774 863 908 918 (Heldr
924 863 969 914 ἔ),
995 863 1163 912 Assyria
1187 863 1237 900 ad
1261 863 1369 911 ripas
1386 862 1599 911 Euphratis
1613 861 1814 910 (Chesney
1832 872 1914 899 exs.

229 930 316 972 164
333 931 375 977 Ε),
400 928 612 979 provinciis
638 924 863 965 Caucasieis
888 924 938 961 ad
960 922 1231 961 Helenendorf
1251 917 1469 977 (Hoheni).

287 1024 321 1048 ε.
352 1000 590 1058 Hymettia.
622 997 755 1049 Nana‚
785 993 971 1037 breviter
996 992 1126 1046 hirta,
1156 992 1254 1036 folia
1281 1006 1411 1049 parva
1437 992 1771 1036 ovato—rotunda
1796 1004 1922 1047 supe-

231 1062 347 1106 riora
373 1060 574 1114 oblonga,
611 1055 766 1099 lacinia
792 1052 1047 1096 intermedia
1074 1051 1239 1108 stipulae
1267 1050 1367 1094 folio
1395 1050 1564 1104 similis,
1601 1050 1729 1093 flores
1762 1048 1922 1106 majus-

232 1120 332 1173 culi,
377 1118 514 1176 petala
550 1116 692 1173 calyce
729 1112 939 1168 subduplo
976 1108 1170 1166 longiora
1206 1109 1430 1167 superiora
1464 1107 1737 1153 violascentia
1769 1116 1923 1151 caetera

232 1181 357 1222 lutea.
397 1178 442 1221 V.
473 1174 694 1232 Hymettia
722 1171 855 1215 Boiss.
887 1179 927 1213 et
953 1169 1100 1212 Heldr.
1130 1168 1280 1225 Diagn.
1311 1168 1400 1212 Ser.
1433 1169 1487 1222 ll,
1520 1168 1553 1220 l,
1583 1181 1623 1224 p.
1655 1166 1726 1210 57.
1767 1166 1923 1210 Forma

233 1236 450 1281 simillima
487 1234 531 1278 V.
556 1232 746 1278 trie-olori
771 1243 860 1273 var.
891 1229 1212 1272 mediterraneae
1237 1229 1308 1272 Gr.
1341 1234 1381 1270 et
1406 1227 1535 1271 Godr.
1565 1244 1623 1266 z
1664 1225 1710 1268 V.
1736 1226 1923 1269 Nemau-

232 1296 344 1339 sensi
369 1294 489 1338 Jord.
520 1293 593 1336 sed
620 1291 748 1334 flores
774 1288 900 1346 paulo
927 1286 1128 1344 majores.

293 1369 393 1406 Hab.
417 1368 454 1404 iu
479 1365 644 1403 excelsis
666 1361 842 1410 Hymetti
864 1357 1003 1398 Boiss!
1036 1356 1177 1410 (Orph.
1210 1358 1270 1396 Fl.
1301 1356 1425 1397 Graec.
1453 1369 1538 1396 exs.
1568 1354 1656 1396 120
1691 1356 1762 1395 sub
1789 1355 1827 1394 V.
1852 1355 1925 1393 De-

235 1428 404 1476 metria),
430 1426 612 1474 Taygeto
637 1417 823 1472 (Boissl).

297 1506 332 1551 ζ.
381 1495 611 1541 Demetria.
655 1490 807 1536 Omnia
832 1489 1111 1547 praecedentis
1139 1489 1211 1531 sed
1239 1487 1366 1530 ssores
1392 1486 1496 1529 lutei
1530 1485 1818 1530 subminores.
1877 1483 1923 1526 V.

238 1556 456 1600 Demetria
493 1553 604 1596 Prol.
636 1552 679 1594 in
706 1549 839 1593 Boiss.
869 1548 974 1605 Voy.
1006 1547 1101 1604 Esp.
1149 1546 1306 1590 Similis
1334 1545 1641 1602 speciminibus
1669 1542 1925 1601 Hispanicis.

278 1629 398 1665 -Hab.
437 1627 474 1663 in
510 1622 727 1671 subalpinis
759 1618 899 1657 montis
924 1618 1115 1666 Kyllenes
1138 1616 1399 1665 Peloponnesi
1437 1615 1576 1666 <Orpli.
1604 1616 1663 1655 Fl.
1692 1614 1817 1652 Graec.
1842 1625 1930 1651 eXS.

238 1686 319 1727 401
341 1687 384 1735 ἱ).

297 1851 360 1894 V.
389 1843 844 1893 Heldreichiana
881 1839 1032 1896 (Boiss.
1076 1838 1220 1895 Diagn.
1259 1836 1348 1880 Ser.
1383 1836 1416 1890 l,
1444 1836 1554 1889 Vlll,
1585 1849 1625 1892 p.
1657 1833 1731 1892 53)
1770 1833 1931 1890 pumila

242 1908 423 1967 sparsim
451 1912 492 1948 et
524 1901 773 1946 brevissime
808 1897 1046 1957 praesertim
1088 1897 1138 1939 ad
1182 1897 1322 1939 caules
1366 1902 1405 1938 et
1446 1893 1683 1951 marginem
1731 1893 1930 1936 foliorum

241 1968 464 2025 papillosa,
493 1961 603 2006 soliis
630 1957 901 2003 obtusissime
928 1955 1241 2013 pauciorenatis
1269 1953 1428 1997 infimis
1455 1951 1793 1997 ovato-rotundis
1810 1964 1932 2008 supe-

243 2026 430 2069 rioribus
457 2019 667 2075 oblongis,
712 2016 878 2073 stipulis
912 2013 1281 2070 lineari—oblongis
1314 2013 1425 2056 soliis
1457 2011 1726 2056 brevioribus
1753 2009 1932 2066 integris

242 2086 303 2128 vel
331 2083 422 2126 basi
450 2081 622 2123 externa
648 2075 832 2120 lacinula
857 2073 1009 2127 auctis,
1037 2073 1216 2116 floribus
1244 2071 1438 2125 minutis,
1473 2069 1627 2128 sepalis
1654 2068 1813 2126 glabris
1837 2069 1930 2111 lan—

243 2141 414 2187 ceolatis
441 2137 594 2190 acutis,
622 2133 771 2192 petalis
797 2132 994 2177 coeruleis
1020 2133 1158 2190 calyce
1185 2129 1617 2187 sesquilongioribUS‚
1655 2128 1818 2171 calcare
1855 2139 1929 2182 ap-

242 2199 494 2259 pendicibus
521 2192 759 2239 rotundatis
785 2190 1058 2247 sublongiore
1090 2196 1157 2242 O.

302 2273 402 2310 Hab.
430 2270 529 2307 inter
554 2266 714 2304 fvitices
736 2262 776 2301 iu
801 2262 990 2311 lapidosis
1014 2262 1063 2300 ad
1086 2262 1240 2300 radices
1257 2260 1399 2299 montis
1423 2260 1575 2299 Olimax
1592 2258 1727 2307 Lyciae
1744 2253 1929 2308 (Heldrl),

241 2333 281 2371 in
304 2331 465 2380 regione
489 2326 622 2375 alpina
644 2335 762 2372 supra
786 2322 940 2360 Elmalu
966 2319 1166 2374 (Bourgl'),
1187 2321 1224 2358 in
1246 2320 1409 2369 regione
1433 2320 1566 2369 alpina
1581 2318 1722 2357 montis
1738 2317 1929 2366 Boulgas-

243 2390 348 2440 dagh
371 2387 555 2437 Phrygiae
583 2382 723 2435 (Bali).

301 2446 566 2498 Bipollicaris‚
591 2443 685 2481 folia
708 2442 866 2488 minuta,
892 2440 1075 2489 pedicelli
1101 2439 1207 2488 longi
1234 2439 1468 2489 oapil!ares;
1492 2438 1621 2476 differt
1644 2448 1668 2475 a
1693 2435 1732 2475 V.
1757 2434 1932 2474 tricolore

242 2509 472 2560 stipularum
494 2504 632 2551 forma,
659 2514 681 2540 a
706 2500 745 2540 V.
766 2500 931 2551 parvula
952 2499 1087 2538 habitu
1112 2499 1261 2537 laxiore
1283 2502 1321 2536 et
1344 2497 1575 2547 graciliore,
1600 2496 1744 2545 sepalis
1771 2494 1931 2533 dimidio

243 2566 533 2618 angustioribus
555 2561 729 2602 breviter
755 2559 1080 2609 appendiculatis,
1109 2558 1260 2598 corolla
1281 2558 1456 2607 calycem
1479 2556 1710 2596 excedente.

299 2743 362 2786 V.
380 2739 635 2798 parvula
659 2735 807 2791 (Tineo
826 2734 929 2790 Pug.
953 2747 1038 2776 rar.
1059 2747 1099 2790 p.
1122 2731 1166 2789 5)
1196 2739 1283 2776 tota
1298 2731 1718 2788 villoso-pubescens,
1738 2730 1931 2785 humilis,

243 2816 268 2845 a
292 2799 385 2843 basi
413 2811 598 2851 ramosa,
640 2794 751 2838 foliis
788 2792 961 2836 minutis
998 2791 1258 2847 subintegris
1293 2790 1571 2834 inferioribus
1604 2789 1932 2834 suborbiculalis

244 2857 541 2916 superioribus
567 2851 830 2905 lanceolatis,
859 2850 1025 2908 stipulis
1052 2849 1125 2894 3-41
1152 2849 1319 2907 partitis
1346 2849 1512 2892 laciniis
1538 2848 1772 2892 linearibus
1799 2848 1932 2890 inter-

244 2916 383 2961 media
424 2914 551 2972 paulo
591 2910 745 2968 majori
787 2908 1145 2964 lineari-oblonga
1168 2943 1176 2961 ‚
1221 2906 1373 2964 sepalis
1414 2906 1931 2964 triangulari-lanceolatis
