2021 3235
993 103 1077 147 328

253 263 350 305 Th.
369 261 829 316 microphyllum
857 258 1008 314 (Boiss.
1041 264 1078 300 ei
1106 256 1236 313 Orph.
1267 256 1416 311 Diagn.
1447 256 1537 298 Ser.
1560 255 1614 308 II,
1640 255 1709 308 VI,
1737 269 1778 311 p.
1801 255 1874 313 19)

197 333 354 362 nanum
390 318 551 361 minute
586 318 860 374 cespitosum,
898 316 1007 359 foliis
1035 315 1210 357 minutis
1237 314 1437 357 omnibus
1464 314 1662 357 rosulatis
1689 313 1877 356 ohovatis

198 378 236 419 in
273 377 474 433 petiolum
513 376 738 418 attenuatis
775 375 950 430 integris
987 375 1048 416 vel
1090 371 1372 425 subdenlatis,
1416 371 1595 415 racemis
1622 371 1878 415 abbreviatis

198 435 438 491 paucissoris
456 434 772 486 subsessilibus,
802 433 948 489 petalis
976 433 1116 488 calyce
1142 431 1328 474 violaceo
1356 430 1566 487 subduplo
1592 430 1877 486 longioribus,

197 493 385 535 antheris
413 492 608 534 violaceis
636 493 771 549 petala
799 490 1165 547 subaequantibuS,
1209 488 1387 532 siliculis
1425 488 1704 545 (junioribus)
1739 502 1760 531 e
1788 488 1877 532 basi

196 554 373 593 cuneata
401 550 791 606 obiriangularibus
827 549 945 605 apice
983 547 1189 590 truncatis
1224 547 1378 590 retusis
1406 548 1512 604 stylo
1540 548 1665 603 longo
1692 546 1877 603 apicula-a

199 609 266 662 lis,
295 608 441 651 loculis
468 607 799 665 quadriovulatis
827 609 896 663 Q.

254 680 354 717 Hab.
383 680 425 716 in'
445 680 605 727 regione
628 679 745 716 nivali
770 679 954 715 Parnassi
988 676 1167 727 Orphl),
1208 677 1351 715 montis
1385 675 1548 715 Veluchi
1587 676 1747 715 AEtoliae
1784 676 1879 726 (Sa-

197 739 330 776 maritl
365 767 372 776 .

256 738 433 842 Plan)tula
458 808 538 842 tota
564 816 666 853 saepe
699 805 922 854 pollicaris3
948 804 1062 841 affine
1091 803 1154 841 Th.
1183 804 1387 852 brevislylo
1420 816 1484 842 Dc.
1510 803 1615 852 Syst.
1656 805 1706 852 II,
1733 816 1771 853 p.
1795 801 1883 843 586

198 862 281 916 (sub
305 862 549 915 Hutelzz'nsid)
570 864 673 911 quod
692 864 819 901 differt
842 864 1023 912 stigmate
1039 863 1180 900 sessili.
1198 885 1248 890 —
1269 863 1332 902 Th.
1353 863 1606 912 brevistylum
1628 876 1696 902 Do.
1718 862 1883 902 erronee

196 925 233 960 in
260 924 451 961 montibus
479 923 600 971 Syriae
623 922 833 961 indicatum
867 922 938 960 fuit
962 926 997 959 et
1021 935 1069 959 ex
1100 922 1260 961 Corsica
1285 923 1491 962 oriundum
1516 926 1588 961 est.

255 1077 352 1120 Th.
386 1077 720 1120 violascens
748 1073 911 1129 (Schott
951 1080 990 1117 et
1033 1074 1091 1131 ΚΥ
1116 1075 1173 1131 pl.
1206 1075 1314 1131 exs.)
1343 1075 1633 1130 glaucescens‚
1670 1073 1780 1117 foliis
1808 1088 1876 1117 ra-

197 1135 402 1177 dicalibus
444 1133 641 1190 repandis
686 1132 1021 1187 ovato-oblongis
1068 1133 1111 1175 in
1159 1132 1361 1189 petiolum
1406 1132 1657 1186 attenuatis,
1698 1132 1877 1176 caulinis

198 1193 391 1249 oblongis
418 1192 596 1247 integris
626 1191 775 1234 obtuse
809 1190 1442 1248 auriculam-amplexicaulibus
1477 1191 1768 1245 acutiusculis,
1805 1205 1879 1247 pe-

199 1251 290 1294 talis
318 1252 457 1308 calyce
484 1249 725 1293 violascenti
753 1248 818 1291 vix
844 1248 1135 1305 longioribus,
1174 1249 1364 1293 antheris
1391 1249 1587 1293 violaceis
1614 1249 1878 1306 longitudine

198 1310 383 1362 corollae,
422 1308 602 1351 racemis
630 1307 858 1350 fructiferis
885 1307 1145 1363 longissimis
1172 1309 1332 1362 densis,
1371 1308 1545 1351 siliculis
1571 1308 1776 1365 pedicello
1803 1322 1878 1364 pa-

199 1369 284 1410 tulo
312 1367 370 1409 cis
398 1366 637 1423 aequilongo
665 1366 845 1409 suffultis
873 1366 1266 1422 ohtriangularibus
1293 1367 1382 1409 basi
1408 1367 1533 1423 longe
1560 1366 1750 1409 cuneatis
1783 1367 1879 1409 sinu

198 1434 376 1481 angusto
403 1425 643 1468 obcordatis
671 1424 746 1467 alis
773 1424 1028 1477 rotundatis,
1050 1425 1157 1482 stylo
1174 1425 1315 1468 sinum
1333 1425 1558 1468 dimidium
1582 1425 1648 1467 vix
1674 1425 1876 1482 aequanti,

197 1484 344 1527 loculis
371 1483 702 1541 quadriovulatis
730 1485 798 1539 Q.

256 1554 355 1592 Hab.
381 1555 419 1591 in
455 1554 688 1602 graminosis
721 1552 842 1590 Tauri
879 1550 1029 1591 Cilicici
1062 1553 1111 1590 ad
1151 1552 1280 1592 Giilek
1318 1553 1477 1603 Boghas
1517 1552 1628 1603 (Kyl
1673 1551 1801 1606 Ball),
1841 1554 1879 1591 in

197 1613 348 1651 Amano
373 1613 496 1662 Syriae
518 1614 600 1651 bor.
627 1612 708 1663 (Ky
735 1624 814 1650 eXS.
837 1609 988 1662 2751).

256 1681 414 1718 Racemi
438 1680 624 1718 fructiferi
648 1679 909 1727 semipedales
927 1683 965 1716 et
988 1679 1200 1725 longiores,
1221 1680 1373 1718 silicula
1392 1678 1418 1718 5
1436 1675 1490 1732 ¹s2
1515 1680 1580 1717 lin.
1606 1680 1743 1730 longa3
1764 1680 1879 1718 affine

202 1739 238 1776 T.
266 1740 424 1788 alpestri
448 1739 493 1777 L.
531 1744 569 1777 ct
592 1751 734 1788 praeser
759 1741 808 1777 im
844 1738 883 1776 T.
914 1739 1185 1789 brachypetalo
1218 1739 1386 1788 Jordan,
1412 1740 1460 1777 ab
1499 1751 1544 1777 eo
1577 1739 1736 1777 floribus
1761 1740 1880 1788 duplo

200 1799 424 1847 maioribus,
451 1810 604 1837 racemo
628 1799 798 1838 florifero
824 1799 1071 1846 pyramidato
1091 1811 1163 1838 nec
1186 1800 1434 1849 corymboso,
1459 1799 1611 1837 silicula
1635 1799 1720 1837 basi
1758 1799 1881 1847 magis

198 1858 381 1907 elongata
403 1858 636 1896 distinctum.

255 2012 351 2055 Th.
385 2011 775 2056 densiflorum
812 2010 962 2066 (Boiss.
995 2017 1035 2053 et
1063 2011 1123 2068 Ky
1150 2011 1194 2053 in
1222 2011 1282 2068 Ky
1310 2011 1366 2067 pl.
1399 2024 1484 2053 exs.
1517 2008 1649 2067 1859)
1687 2010 1880 2066 glauces-

198 2084 313 2122 ccns,
343 2069 451 2113 foliis
479 2068 733 2111 radicalibus
758 2069 940 2112 dentatis
967 2069 1308 2125 ovato-oblongis
1334 2069 1377 2111 in
1405 2068 1608 2125 petiolum
1633 2069 1879 2121 attenuatis,

199 2128 378 2171 caulinis
411 2127 587 2183 integris
622 2127 815 2184 oblongis
857 2127 989 2170 acutis
1031 2127 1181 2171 obtuse
1223 2127 1877 2184 auriculato-amplexicaulibus,

199 2186 378 2229 racemis
405 2185 634 2229 fructiferis
661 2186 861 2229 brevibus
887 2186 1046 2239 densis,
1085 2185 1234 2242 petalis
1267 2186 1405 2243 calyce
1439 2185 1567 2242 duplo
1593 2185 1878 2241 longioribus,

199 2244 387 2288 antheris
423 2244 562 2295 luteis,
607 2243 781 2287 siliculis
813 2244 1016 2301 pedicello
1043 2245 1187 2301 patulo
1214 2243 1562 2299 sublongioribus
1590 2243 1880 2301 obtriangula-

200 2303 318 2346 ribus
344 2302 434 2345 basi
462 2303 584 2358 longe
611 2303 801 2345 cuneatis
829 2302 948 2359 apice
975 2303 1070 2346 sinu
1099 2309 1279 2358 angusto
1306 2302 1548 2345 ohcordatis
1582 2302 1657 2345 alis
1693 2302 1880 2346 acutius-

199 2361 319 2414 culis‚
349 2361 455 2418 stylo
483 2360 622 2404 sinum
648 2361 875 2404 dimidium
902 2361 1189 2418 subaequanti,
1217 2361 1366 2404 loculis
1392 2360 1420 2403 4
1446 2360 1624 2403 ovulatis
1656 2362 1727 2417 Q.

256 2431 357 2469 Hab.
392 2431 430 2467 in
466 2431 658 2468 montibus
693 2430 849 2468 Kassan
887 2431 990 2480 Oglu
1030 2430 1178 2470 Ciliciae
1214 2431 1400 2469 Kurdicae
1438 2430 1527 2481 (Ky
1564 2443 1645 2469 exs.
1680 2424 1815 2480 62l),
1842 2432 1880 2469 in

199 2490 348 2527 Amano
382 2489 503 2537 Syriae
527 2491 608 2528 bor.
636 2488 771 2542 (Ky!)‚
798 2491 837 2528 in
861 2495 988 2528 monte
1012 2490 1195 2529 Troodos
1222 2490 1340 2539 Cypri
1359 2492 1427 2528 alt.
1453 2487 1590 2530 5000’
1614 2483 1758 2541 (Kyl).

256 2559 289 2594 A
312 2558 544 2605 praecedenti
575 2558 797 2596 distinctum
825 2569 980 2597 racemo
1006 2559 1175 2597 florifero
1210 2559 1532 2607 subcorymboso,
1559 2559 1759 2597 fructifero
1785 2559 1876 2597 den-

191 2616 291 2658 siori
318 2614 389 2654 1-2
413 2616 615 2673 pollicari,
647 2618 788 2664 petalis
830 2618 1065 2667 majoribus,
1093 2618 1343 2656 antherarum
1371 2619 1501 2656 colore
1535 2621 1573 2655 et
1607 2619 1767 2657 siliculae
1806 2618 1880 2655 alis

197 2673 441 2724 longioribus
466 2676 717 2714 acutioribus.

252 2814 349 2857 Th.
381 2825 617 2869 praecox
658 2814 805 2870 (Wulf.
839 2814 879 2856 in
905 2815 1022 2871 Jacq.
1053 2814 1152 2857 Coll.
1184 2815 1236 2867 ll,
1275 2829 1314 2871 p.
1348 2814 1455 2868 121,
1497 2815 1581 2857 tab.
1613 2814 1658 2871 9)
1703 2829 1726 2857 a
1771 2815 1879 2858 collo

194 2872 445 2930 pluricaule,
488 2872 596 2917 foliis
633 2872 809 2929 integris
846 2873 907 2915 vel
945 2873 1210 2917 subdentatis
1244 2873 1502 2917 radicalibus
1528 2873 1739 2932 petiolalis
1769 2887 1878 2931 saepe
