2021 3235
921 198 974 241 17

164 294 264 332 Hab.
291 293 329 331 in
353 293 477 330 vineis
504 296 543 330 et
566 292 841 331 cultis⁰Atticae
865 292 1086 344 (Sprun!)‚
1115 293 1241 332 Cretae
1267 295 1408 345 (Heldr
1424 296 1431 332 !
1448 294 1477 346 )‚
1506 295 1610 333 Asiae
1631 296 1793 334 minoris

107 349 252 408 (Auch.
279 364 359 390 eXS.
388 349 506 404 151),
533 352 571 388 in
606 351 791 400 Bithynia
814 351 1037 403 (Thirkel),
1063 353 1201 392 Cilicia
1223 353 1325 403 (Bal.
1350 354 1416 402 Ky
1448 367 1529 393 exs.
1558 353 1675 394 1859
1707 367 1790 393 exs.

106 412 133 452 5
156 417 193 451 et
214 410 309 462 81),
334 410 450 460 Syria
471 411 522 448 ad
543 411 697 459 Tripoli
722 410 850 461 (ΒΗ),
876 411 1052 449 Caucaso
1076 416 1115 450 et
1145 412 1294 450 Tauria
1319 412 1474 463 (MBI).
1502 414 1564 454 Fl.
1594 426 1699 452 vere.

165 478 426 527 Speciminum
452 489 500 514 ex
525 477 710 514 Anatolia
734 478 907 525 carpella
932 477 1157 526 frequenter
1182 479 1332 517 minora
1355 484 1457 518 sunt.

164 544 240 585 Ar.
265 542 428 593 Geogr.
462 544 631 591 Europa
646 543 773 581 media
795 547 833 581 et
851 544 1048 582 australis.

172 653 234 695 A.
269 650 679 705 eriocalycina‚
711 649 815 691 ssore
849 648 1079 702 mediocri,
1109 648 1251 707 calyce
1278 650 1610 705 villoso-lanato,
1645 652 1796 709 petalis

107 710 242 767 planis
275 708 493 765 ellipticis‚
525 707 639 764 spica
673 707 855 762 oblonga
889 708 1043 760 densa,
1081 708 1276 764 carpellis
1310 709 1797 768 oblongo-pyramidalis

107 768 293 812 obsolete
321 765 532 822 rugulosis
574 765 617 807 in
651 772 836 808 rostrum
864 765 1039 821 longum
1069 775 1231 808 rectum
1264 768 1491 811 attenuatis
1520 783 1648 825 supra
1675 769 1797 811 basin

107 825 374 870 circulariter
401 832 442 867 et
467 824 655 867 obsolele
688 823 1156 867 cristato-denticulalis
1189 831 1254 877 Θ.

165 897 265 935 Hab.
291 897 330 933 in
353 896 466 934 cultis
495 895 688 932 Armeniae
714 895 819 933 circa
854 895 1040 932 Erzerum
1077 894 1259 946 (Huetl),
1284 897 1453 936 Baibout
1484 897 1708 950 (Bourgl).
1738 898 1797 939 Fl.

108 968 214 995 vere.

169 1023 352 1072 Carpella
376 1023 414 1060 in
438 1025 606 1061 rostrum
630 1034 804 1060 crassum
828 1025 1031 1060 attenuata
1054 1022 1099 1061 A.
1125 1024 1320 1072 aestivalis,
1347 1025 1395 1063 ab
1427 1026 1475 1063 ea
1509 1026 1684 1075 margine
1718 1039 1800 1064 car-

108 1085 202 1135 pelli
226 1083 423 1131 edentulo,
450 1094 473 1119 a
498 1081 737 1130 praecedenti
764 1083 899 1130 calyce
925 1082 1065 1121 villoso
1092 1082 1286 1122 distincta.
1313 1084 1451 1122 Petala
1475 1086 1593 1135 lutea,
1619 1086 1801 1124 foliorum

108 1144 260 1183 laciniae
283 1142 570 1180 strictiusculae.

180 1249 242 1291 A.
283 1247 612 1304 parviflora
643 1246 801 1302 (Fisch.
849 1246 891 1289 in
932 1260 1000 1290 Dc.
1040 1247 1189 1291 Prodr.
1222 1248 1254 1290 l.
1295 1263 1336 1306 p.
1383 1248 1456 1307 24)
1491 1250 1655 1305 stricta,
1699 1250 1803 1295 flore

110 1305 292 1359 minuto,
330 1304 482 1362 sepalis
515 1305 674 1360 glabris
707 1305 841 1348 acutis
874 1308 1012 1362 petala
1045 1307 1169 1363 plana
1211 1307 1396 1363 oblonga
1429 1308 1800 1366 subaequanlibns,

109 1364 224 1421 spica
250 1365 433 1419 oblonga
461 1364 610 1417 densa,
638 1364 834 1421 carpellis
863 1365 1075 1420 rugulosis
1109 1365 1300 1410 medium
1327 1380 1475 1409 versus
1501 1367 1629 1410 crista
1658 1368 1802 1411 circu-

109 1422 187 1466 lari
215 1425 437 1479 tetragona
470 1421 619 1465 obsitis
651 1421 695 1465 in
730 1423 885 1480 stylum
919 1423 1235 1481 pyramidatum
1268 1425 1386 1467 valde
1422 1432 1638 1482 patentem
1682 1426 1803 1484 apice

110 1481 418 1524 subincurvum
445 1481 691 1535 attenuatis,
721 1480 915 1537 margine
943 1481 1138 1525 interiori
1158 1482 1370 1538 subgibbo
1408 1489 1473 1536 O.

168 1551 270 1589 Hab.
295 1551 335 1588 in
357 1550 544 1590 Armenia
565 1551 734 1591 Rossica
755 1563 878 1600 prope
903 1551 1236 1591 Nackitschewan
1253 1551 1467 1605 (Buhsel),
1490 1555 1529 1592 in
1545 1555 1685 1594 Persia
1703 1556 1806 1595 inter

111 1610 220 1649 Yezd
244 1614 282 1648 et
304 1610 474 1658 Ispahan
495 1611 710 1661 (Bunge!)‚
736 1610 775 1648 in
798 1611 1065 1649 Turcomania
1087 1610 1232 1661 (Lehm
1254 1613 1302 1661 !).
1328 1613 1387 1652 Fl.
1412 1626 1518 1653 vere.
1668 1613 1674 1615 ⁴

169 1678 310 1716 Planta
331 1678 450 1716 ramis
473 1678 632 1727 strictis,
656 1679 810 1716 laciniis
833 1678 900 1716 fol.
922 1680 1117 1718 tenuibus.
1144 1679 1284 1718 Flores
1310 1680 1425 1720 diam.
1451 1680 1528 1721 5-4
1551 1682 1618 1720 lin.
1642 1683 1806 1731 latipe-

111 1738 201 1775 talis
234 1738 346 1776 flavis
380 1737 466 1776 basi
506 1737 723 1776 maculatis.
765 1737 902 1776 Refert
934 1737 1099 1776 formam
1137 1750 1389 1788 squarrosam
1427 1740 1473 1779 A.
1511 1742 1694 1780 aestivalis
1735 1742 1806 1779 sed

110 1797 442 1846 praeterpartium
465 1797 665 1839 minutiem
690 1797 821 1835 differt
855 1798 1031 1846 margine
1061 1798 1238 1837 interiori
1271 1801 1435 1848 carpelli
1458 1813 1655 1851 nunquam
1680 1801 1804 1839 denti-

112 1855 195 1894 fero
228 1856 298 1895 sed
322 1856 498 1895 obsolcte
523 1856 703 1905 gibboso.

170 1922 248 1962 Ar.
272 1923 435 1974 Geogr.
470 1924 678 1974 Songaria.

227 2030 246 2087 g
272 2028 313 2072 9.
348 2028 540 2087 Carpellz'
566 2044 714 2087 maryo
744 2031 928 2074 interior
956 2032 1078 2075 dente
1108 2033 1286 2077 obsitus.

168 2139 230 2181 A.
261 2139 661 2183 scrobiculata
684 2138 834 2195 (Boiss.
861 2138 1010 2195 Diagn.
1041 2139 1131 2183 Ser.
1165 2141 1217 2183 ΙΙ.
1242 2144 1282 2183 1,
1310 2155 1351 2198 p.
1389 2140 1432 2198 6)
1474 2143 1593 2186 caule
1637 2143 1801 2197 stricto,

110 2196 215 2239 flore
242 2195 425 2250 minuto,
453 2197 607 2253 sepalis
633 2197 791 2253 glabris
818 2197 952 2240 acutis
985 2199 1123 2254 petala
1164 2200 1289 2255 plana
1322 2199 1506 2255 oblonga
1544 2201 1802 2258 subaequan-

111 2254 241 2308 tibus,
269 2254 384 2311 spica
410 2254 592 2311 oblonga
618 2255 849 2299 laxiuscula
866 2291 876 2309 ,
905 2256 1101 2313 carpellis
1128 2256 1656 2302 soveolato-scrobiculatis
1675 2274 1804 2317 supra

111 2312 233 2356 basin
259 2312 445 2356 tenuiter
470 2313 919 2369 marginato-cristatis
945 2313 990 2357 in
1017 2321 1204 2358 rostrum
1230 2322 1358 2360 tenue
1385 2317 1621 2361 ascendens
1639 2318 1803 2361 abeun-

112 2371 225 2414 tibus
251 2371 377 2414 dente
403 2371 611 2428 marginis
642 2371 860 2416 interioris
893 2372 1032 2416 valido
1065 2387 1089 2416 a
1122 2374 1248 2418 rostri
1274 2375 1367 2418 basi
1394 2376 1701 2420 remotiusculo
1732 2382 1798 2429 Θ.

170 2441 273 2480 Hab.
295 2441 333 2478 in
358 2439 570 2490 Affghania
594 2439 727 2495 (Griff.
753 2453 836 2480 exs,
864 2440 1048 2493 15792).

170 2508 332 2558 Species
355 2520 406 2548 ex
423 2510 536 2548 unico
553 2510 768 2558 specimine
785 2510 880 2548 mihi
895 2513 990 2548 nota
1009 2514 1047 2547 et
1064 2510 1185 2559 igitur
1205 2497 1418 2564 subdubia3
1440 2512 1600 2552 habitus
1623 2516 1662 2550 et
1676 2512 1804 2565 *flores

111 2566 158 2607 A.
178 2567 400 2618 parvislorae
422 2569 491 2607 sed
516 2569 691 2617 carpella
714 2569 870 2608 omnino
897 2569 1104 2608 dissimilia
1126 2570 1216 2608 laxe
1239 2571 1392 2619 spicata
1414 2575 1453 2610 et
1477 2584 1523 2610 ea
1544 2570 1590 2609 A.
1620 2572 1805 2611 aestz'valia

111 2627 335 2679 referentia,
361 2628 515 2667 minora
536 2631 667 2666 tamen
699 2631 738 2667 et
762 2629 878 2667 dente
909 2628 1090 2667 validiori
1112 2640 1136 2666 a
1167 2629 1254 2668 basi
1284 2631 1404 2669 rostri
1425 2632 1552 2669 minus
1576 2635 1725 2670 remoto
1748 2632 1804 2669 in-

110 2689 273 2727 structa.

168 2807 231 2851 A.
258 2807 550 2851 aestivalis
571 2807 633 2863 (L.
664 2804 735 2864 Sp.
768 2805 869 2864 771)
887 2806 993 2850 flore
1025 2807 1251 2861 mediocri,
1280 2809 1422 2866 calyce
1458 2808 1625 2864 glabro,
1654 2808 1803 2865 petalis

110 2864 248 2921 planis
275 2865 497 2922 ellipticis‚
532 2865 648 2922 spica
681 2866 813 2908 densa
846 2865 1056 2922 oblonga,
1087 2866 1282 2924 carpellis
1314 2866 1804 2925 oblongo-pyramidatis

112 2923 331 2968 soveolatis
357 2923 401 2967 in
428 2930 627 2967 rostrum,
645 2923 881 2967 ascendens
907 2923 1165 2967 abeuntibus
1192 2938 1322 2982 supra
1348 2924 1471 2969 basin
1488 2926 1582 2982 plus
1609 2925 1803 2968 minusve

1594 2999 1616 3034 2
