<?xml version="1.0" encoding="UTF-8"?>
<!DOCTYPE html PUBLIC "-//W3C//DTD XHTML 1.0 Transitional//EN"
    "http://www.w3.org/TR/xhtml1/DTD/xhtml1-transitional.dtd">
<html xmlns="http://www.w3.org/1999/xhtml" xml:lang="en" lang="en">
 <head>
  <title>
</title>
<meta http-equiv="Content-Type" content="text/html;charset=utf-8" />
  <meta name='ocr-system' content='tesseract 3.04.00' />
  <meta name='ocr-capabilities' content='ocr_page ocr_carea ocr_par ocr_line ocrx_word'/>
</head>
<body>
  <div class='ocr_page' id='page_1' title='image "./floraorientaliss01bois_0724.png"; bbox 0 0 2021 3235; ppageno 0'>
   <div class='ocr_carea' id='block_1_1' title="bbox 1015 124 1100 169">
    <p class='ocr_par' dir='ltr' id='par_1_1' title="bbox 1015 124 1100 169">
     <span class='ocr_line' id='line_1_1' title="bbox 1015 124 1100 169; baseline 0.012 -1"><span class='ocrx_word' id='word_1_1' title='bbox 1015 124 1100 169; x_wconf 88' lang='grc'>680</span> 
     </span>
    </p>
   </div>
   <div class='ocr_carea' id='block_1_2' title="bbox 208 212 1897 462">
    <p class='ocr_par' dir='ltr' id='par_1_2' title="bbox 208 212 1897 385">
     <span class='ocr_line' id='line_1_2' title="bbox 210 212 1895 276; baseline -0.004 -14"><span class='ocrx_word' id='word_1_2' title='bbox 210 219 346 276; x_wconf 83' lang='lat' dir='ltr'>longis</span> <span class='ocrx_word' id='word_1_3' title='bbox 373 219 510 276; x_wconf 85' lang='lat' dir='ltr'>calyce</span> <span class='ocrx_word' id='word_1_4' title='bbox 537 216 883 273; x_wconf 70' lang='lat' dir='ltr'>suh-longioribus</span> <span class='ocrx_word' id='word_1_5' title='bbox 911 216 973 258; x_wconf 91' lang='lat' dir='ltr'>vel</span> <span class='ocrx_word' id='word_1_6' title='bbox 1001 214 1294 267; x_wconf 79' lang='lat' dir='ltr'>brevioribus,</span> <span class='ocrx_word' id='word_1_7' title='bbox 1329 214 1501 271; x_wconf 77' lang='lat' dir='ltr'>capsula</span> <span class='ocrx_word' id='word_1_8' title='bbox 1528 212 1755 271; x_wconf 75' lang='lat' dir='ltr'>cylindrica</span> <span class='ocrx_word' id='word_1_9' title='bbox 1782 213 1895 270; x_wconf 84' lang='lat' dir='ltr'>caly-</span> 
     </span>
     <span class='ocr_line' id='line_1_3' title="bbox 208 271 1897 334; baseline -0.004 -14"><span class='ocrx_word' id='word_1_10' title='bbox 208 291 299 320; x_wconf 90' lang='lat' dir='ltr'>cem</span> <span class='ocrx_word' id='word_1_11' title='bbox 328 278 661 334; x_wconf 76' lang='lat' dir='ltr'>subsuperante,</span> <span class='ocrx_word' id='word_1_12' title='bbox 705 274 940 320; x_wconf 90' lang='lat' dir='ltr'>seminibus</span> <span class='ocrx_word' id='word_1_13' title='bbox 982 272 1578 318; x_wconf 74' lang='lat' dir='ltr'>muriculato-tuberculosis</span> <span class='ocrx_word' id='word_1_14' title='bbox 1619 272 1682 315; x_wconf 93' lang='lat' dir='ltr'>vel</span> <span class='ocrx_word' id='word_1_15' title='bbox 1723 271 1897 327; x_wconf 81' lang='lat' dir='ltr'>rugulo-</span> 
     </span>
     <span class='ocr_line' id='line_1_4' title="bbox 209 344 362 385; baseline 0 -7"><span class='ocrx_word' id='word_1_16' title='bbox 209 350 265 379; x_wconf 88' lang='lat' dir='ltr'>s1s</span> <span class='ocrx_word' id='word_1_17' title='bbox 303 344 362 385; x_wconf 64' lang='lat'>26.</span> 
     </span>
    </p>

    <p class='ocr_par' dir='ltr' id='par_1_3' title="bbox 266 394 1896 462">
     <span class='ocr_line' id='line_1_5' title="bbox 266 394 1896 462; baseline -0.005 -17"><span class='ocrx_word' id='word_1_18' title='bbox 266 424 308 447; x_wconf 82' lang='grc' dir='ltr'>α.</span> <span class='ocrx_word' id='word_1_19' title='bbox 338 402 542 459; x_wconf 63' lang='lat' dir='ltr'>qemeina.</span> <span class='ocrx_word' id='word_1_20' title='bbox 573 400 691 444; x_wconf 85' lang='lat' dir='ltr'>Folia</span> <span class='ocrx_word' id='word_1_21' title='bbox 719 401 913 456; x_wconf 82' lang='lat' dir='ltr'>elongata</span> <span class='ocrx_word' id='word_1_22' title='bbox 938 411 1091 456; x_wconf 86' lang='lat' dir='ltr'>parum</span> <span class='ocrx_word' id='word_1_23' title='bbox 1118 397 1280 451; x_wconf 85' lang='lat' dir='ltr'>stricta,</span> <span class='ocrx_word' id='word_1_24' title='bbox 1309 397 1436 440; x_wconf 84' lang='lat' dir='ltr'>flores</span> <span class='ocrx_word' id='word_1_25' title='bbox 1460 397 1552 440; x_wconf 84' lang='lat' dir='ltr'>laxe</span> <span class='ocrx_word' id='word_1_26' title='bbox 1577 394 1816 462; x_wconf 66' lang='lat' dir='ltr'>corymbosi</span> <span class='ocrx_word' id='word_1_27' title='bbox 1832 396 1896 438; x_wconf 91' lang='lat' dir='ltr'>vel</span> 
     </span>
    </p>
   </div>
   <div class='ocr_carea' id='block_1_3' title="bbox 205 453 1897 574">
    <p class='ocr_par' dir='ltr' id='par_1_4' title="bbox 205 453 1897 574">
     <span class='ocr_line' id='line_1_6' title="bbox 207 453 1897 517; baseline -0.004 -13"><span class='ocrx_word' id='word_1_28' title='bbox 207 460 436 517; x_wconf 73' lang='lat' dir='ltr'>paniculati</span> <span class='ocrx_word' id='word_1_29' title='bbox 463 458 679 517; x_wconf 90' lang='lat' dir='ltr'>pedicellis</span> <span class='ocrx_word' id='word_1_30' title='bbox 705 459 843 516; x_wconf 79' lang='lat' dir='ltr'>calyce</span> <span class='ocrx_word' id='word_1_31' title='bbox 870 456 1154 513; x_wconf 85' lang='lat' dir='ltr'>long1oribus‚</span> <span class='ocrx_word' id='word_1_32' title='bbox 1183 457 1301 514; x_wconf 85' lang='lat' dir='ltr'>calyx</span> <span class='ocrx_word' id='word_1_33' title='bbox 1328 455 1716 499; x_wconf 82' lang='lat' dir='ltr'>ovoideo-conlcus</span> <span class='ocrx_word' id='word_1_34' title='bbox 1742 453 1897 510; x_wconf 88' lang='lat' dir='ltr'>sepalis</span> 
     </span>
     <span class='ocr_line' id='line_1_7' title="bbox 205 512 1892 574; baseline -0.004 -12"><span class='ocrx_word' id='word_1_35' title='bbox 205 518 337 562; x_wconf 84' lang='lat' dir='ltr'>ovatis</span> <span class='ocrx_word' id='word_1_36' title='bbox 366 520 428 561; x_wconf 90' lang='lat' dir='ltr'>vel</span> <span class='ocrx_word' id='word_1_37' title='bbox 455 517 664 574; x_wconf 78' lang='lat' dir='ltr'>oblongis.</span> <span class='ocrx_word' id='word_1_38' title='bbox 696 516 830 560; x_wconf 86' lang='lat' dir='ltr'>Rchb.</span> <span class='ocrx_word' id='word_1_39' title='bbox 862 516 889 559; x_wconf 87' lang='lat' dir='ltr'>f.</span> <span class='ocrx_word' id='word_1_40' title='bbox 921 514 1052 559; x_wconf 65' lang='lat'>4921.</span> <span class='ocrx_word' id='word_1_41' title='bbox 1082 514 1160 558; x_wconf 80' lang='lat' dir='ltr'>Ar.</span> <span class='ocrx_word' id='word_1_42' title='bbox 1193 514 1466 558; x_wconf 74' lang='lat' dir='ltr'>keteromalla</span> <span class='ocrx_word' id='word_1_43' title='bbox 1491 513 1577 557; x_wconf 91' lang='grc' dir='ltr'>ΜΒ.</span> <span class='ocrx_word' id='word_1_44' title='bbox 1607 513 1733 556; x_wconf 86' lang='lat' dir='ltr'>Taur.</span> <span class='ocrx_word' id='word_1_45' title='bbox 1766 512 1892 556; x_wconf 90' lang='lat' dir='ltr'>Cauc.</span> 
     </span>
    </p>
   </div>
   <div class='ocr_carea' id='block_1_4' title="bbox 197 576 1899 1547">
    <p class='ocr_par' dir='ltr' id='par_1_5' title="bbox 206 576 442 634">
     <span class='ocr_line' id='line_1_8' title="bbox 206 576 442 634; baseline 0 -14"><span class='ocrx_word' id='word_1_46' title='bbox 206 577 240 631; x_wconf 90' lang='lat' dir='ltr'>I,</span> <span class='ocrx_word' id='word_1_47' title='bbox 268 592 311 634; x_wconf 90' lang='lat' dir='ltr'>p.</span> <span class='ocrx_word' id='word_1_48' title='bbox 342 576 442 621; x_wconf 80' lang='lat'>350.</span> 
     </span>
    </p>

    <p class='ocr_par' dir='ltr' id='par_1_6' title="bbox 200 640 1896 818">
     <span class='ocr_line' id='line_1_9' title="bbox 261 640 1896 699; baseline -0.004 -14"><span class='ocrx_word' id='word_1_49' title='bbox 261 647 362 685; x_wconf 89' lang='lat' dir='ltr'>Hab.</span> <span class='ocrx_word' id='word_1_50' title='bbox 387 647 426 684; x_wconf 91' lang='lat' dir='ltr'>in</span> <span class='ocrx_word' id='word_1_51' title='bbox 450 646 570 686; x_wconf 80' lang='lat' dir='ltr'>aridis</span> <span class='ocrx_word' id='word_1_52' title='bbox 607 649 644 684; x_wconf 84' lang='lat' dir='ltr'>et</span> <span class='ocrx_word' id='word_1_53' title='bbox 672 645 915 694; x_wconf 85' lang='lat' dir='ltr'>rupestribus</span> <span class='ocrx_word' id='word_1_54' title='bbox 945 644 1160 693; x_wconf 88' lang='lat' dir='ltr'>montanis,</span> <span class='ocrx_word' id='word_1_55' title='bbox 1200 643 1391 692; x_wconf 87' lang='lat' dir='ltr'>Olympus</span> <span class='ocrx_word' id='word_1_56' title='bbox 1424 642 1641 680; x_wconf 85' lang='lat' dir='ltr'>Thessalus</span> <span class='ocrx_word' id='word_1_57' title='bbox 1671 640 1896 699; x_wconf 67' lang='lat' dir='ltr'>(Heldrl)y</span> 
     </span>
     <span class='ocr_line' id='line_1_10' title="bbox 201 696 1879 757; baseline -0.004 -13"><span class='ocrx_word' id='word_1_58' title='bbox 201 705 327 744; x_wconf 82' lang='lat' dir='ltr'>Athos</span> <span class='ocrx_word' id='word_1_59' title='bbox 342 705 452 757; x_wconf 86' lang='lat' dir='ltr'>(Friv</span> <span class='ocrx_word' id='word_1_60' title='bbox 465 707 506 756; x_wconf 79' lang='lat' dir='ltr'>l),</span> <span class='ocrx_word' id='word_1_61' title='bbox 523 705 672 743; x_wconf 88' lang='lat' dir='ltr'>Tauria</span> <span class='ocrx_word' id='word_1_62' title='bbox 685 709 724 743; x_wconf 88' lang='lat' dir='ltr'>et</span> <span class='ocrx_word' id='word_1_63' title='bbox 737 703 935 742; x_wconf 80' lang='lat' dir='ltr'>Caucasus</span> <span class='ocrx_word' id='word_1_64' title='bbox 952 703 1090 754; x_wconf 80' lang='lat' dir='ltr'>(MB1),</span> <span class='ocrx_word' id='word_1_65' title='bbox 1105 703 1291 741; x_wconf 88' lang='lat' dir='ltr'>Armenia</span> <span class='ocrx_word' id='word_1_66' title='bbox 1305 703 1355 740; x_wconf 88' lang='lat' dir='ltr'>ad</span> <span class='ocrx_word' id='word_1_67' title='bbox 1369 700 1678 741; x_wconf 79' lang='lat' dir='ltr'>Gumuchkhane</span> <span class='ocrx_word' id='word_1_68' title='bbox 1693 696 1841 754; x_wconf 61' lang='lat' dir='ltr'>(Bourg</span> <span class='ocrx_word' id='word_1_69' title='bbox 1854 699 1879 751; x_wconf 86' lang='lat'>!)</span> 
     </span>
     <span class='ocr_line' id='line_1_11' title="bbox 200 761 1896 818; baseline -0.004 -14"><span class='ocrx_word' id='word_1_70' title='bbox 200 764 373 815; x_wconf 82' lang='lat' dir='ltr'>Georgia</span> <span class='ocrx_word' id='word_1_71' title='bbox 396 764 610 804; x_wconf 85' lang='lat' dir='ltr'>Caucasica</span> <span class='ocrx_word' id='word_1_72' title='bbox 633 761 845 818; x_wconf 81' lang='lat' dir='ltr'>(Hohenl).</span> <span class='ocrx_word' id='word_1_73' title='bbox 1887 763 1896 779; x_wconf 89' lang='lat'><strong>’</strong></span> 
     </span>
    </p>

    <p class='ocr_par' dir='ltr' id='par_1_7' title="bbox 199 825 1898 1048">
     <span class='ocr_line' id='line_1_12' title="bbox 257 825 1898 885; baseline -0.004 -12"><span class='ocrx_word' id='word_1_74' title='bbox 257 831 304 885; x_wconf 84' lang='grc' dir='ltr'>β.</span> <span class='ocrx_word' id='word_1_75' title='bbox 338 830 577 873; x_wconf 76' lang='lat' dir='ltr'>Anatolica.</span> <span class='ocrx_word' id='word_1_76' title='bbox 610 829 727 872; x_wconf 90' lang='lat' dir='ltr'>Folia</span> <span class='ocrx_word' id='word_1_77' title='bbox 753 828 899 871; x_wconf 86' lang='lat' dir='ltr'>brevia</span> <span class='ocrx_word' id='word_1_78' title='bbox 927 827 1055 870; x_wconf 85' lang='lat' dir='ltr'>ramis</span> <span class='ocrx_word' id='word_1_79' title='bbox 1084 827 1301 884; x_wconf 84' lang='lat' dir='ltr'>adpressa,</span> <span class='ocrx_word' id='word_1_80' title='bbox 1331 840 1461 884; x_wconf 84' lang='lat' dir='ltr'>cymae</span> <span class='ocrx_word' id='word_1_81' title='bbox 1487 827 1618 869; x_wconf 90' lang='lat' dir='ltr'>dense</span> <span class='ocrx_word' id='word_1_82' title='bbox 1636 825 1898 882; x_wconf 82' lang='lat' dir='ltr'>corymbosae</span> 
     </span>
     <span class='ocr_line' id='line_1_13' title="bbox 200 883 1897 945; baseline -0.004 -14"><span class='ocrx_word' id='word_1_83' title='bbox 200 888 417 945; x_wconf 86' lang='lat' dir='ltr'>pedieellis</span> <span class='ocrx_word' id='word_1_84' title='bbox 445 902 555 945; x_wconf 84' lang='lat' dir='ltr'>saepe</span> <span class='ocrx_word' id='word_1_85' title='bbox 583 889 724 945; x_wconf 78' lang='lat' dir='ltr'>calyce</span> <span class='ocrx_word' id='word_1_86' title='bbox 751 886 1046 940; x_wconf 86' lang='lat' dir='ltr'>brevioribus,</span> <span class='ocrx_word' id='word_1_87' title='bbox 1083 887 1197 943; x_wconf 90' lang='lat' dir='ltr'>calyx</span> <span class='ocrx_word' id='word_1_88' title='bbox 1225 885 1408 941; x_wconf 81' lang='lat' dir='ltr'>oblongo</span> <span class='ocrx_word' id='word_1_89' title='bbox 1426 911 1441 916; x_wconf 96' lang='lat'>-</span> <span class='ocrx_word' id='word_1_90' title='bbox 1458 883 1716 942; x_wconf 87' lang='lat' dir='ltr'>cylindricus</span> <span class='ocrx_word' id='word_1_91' title='bbox 1743 883 1897 940; x_wconf 87' lang='lat' dir='ltr'>sepalis</span> 
     </span>
     <span class='ocr_line' id='line_1_14' title="bbox 199 941 1892 1048; baseline -0.004 -58"><span class='ocrx_word' id='word_1_92' title='bbox 199 947 464 1047; x_wconf 50' lang='grc' dir='ltr'>ΙΙΗΠξῙῗοὶᾶῑίε,</span> <span class='ocrx_word' id='word_1_93' title='bbox 491 947 631 1048; x_wconf 55' lang='grc' dir='ltr'>978ῑᾶΙᾶ</span> <span class='ocrx_word' id='word_1_94' title='bbox 657 947 794 1003; x_wconf 80' lang='lat' dir='ltr'>calyce</span> <span class='ocrx_word' id='word_1_95' title='bbox 822 945 1116 988; x_wconf 83' lang='lat' dir='ltr'>subbreviora.</span> <span class='ocrx_word' id='word_1_96' title='bbox 1149 944 1201 988; x_wconf 88' lang='lat' dir='ltr'>A.</span> <span class='ocrx_word' id='word_1_97' title='bbox 1226 944 1451 988; x_wconf 74' lang='lat' dir='ltr'>Anatolz&#39;ca</span> <span class='ocrx_word' id='word_1_98' title='bbox 1474 943 1606 987; x_wconf 71' lang='lat' dir='ltr'>Boiss</span> <span class='ocrx_word' id='word_1_99' title='bbox 1628 942 1777 998; x_wconf 86' lang='lat' dir='ltr'>Diagn.</span> <span class='ocrx_word' id='word_1_100' title='bbox 1801 941 1892 985; x_wconf 82' lang='lat' dir='ltr'>Ser.</span> 
     </span>
    </p>

    <p class='ocr_par' dir='ltr' id='par_1_8' title="bbox 224 1006 541 1062">
     <span class='ocr_line' id='line_1_15' title="bbox 224 1006 541 1062; baseline -0.003 -14"><span class='ocrx_word' id='word_1_101' title='bbox 224 1040 233 1058; x_wconf 92' lang='lat'>,</span> <span class='ocrx_word' id='word_1_102' title='bbox 319 1006 373 1059; x_wconf 94' lang='lat' dir='ltr'>Il,</span> <span class='ocrx_word' id='word_1_103' title='bbox 403 1020 443 1062; x_wconf 93' lang='lat' dir='ltr'>p.</span> <span class='ocrx_word' id='word_1_104' title='bbox 471 1006 497 1049; x_wconf 78' lang='lat'><strong>9</strong></span> <span class='ocrx_word' id='word_1_105' title='bbox 534 1041 541 1047; x_wconf 89' lang='lat'>.</span> 
     </span>
    </p>

    <p class='ocr_par' dir='ltr' id='par_1_9' title="bbox 197 1067 1899 1248">
     <span class='ocr_line' id='line_1_16' title="bbox 254 1067 1899 1123; baseline -0.002 -11"><span class='ocrx_word' id='word_1_106' title='bbox 254 1075 356 1114; x_wconf 88' lang='lat' dir='ltr'>Hab.</span> <span class='ocrx_word' id='word_1_107' title='bbox 382 1076 421 1113; x_wconf 90' lang='lat' dir='ltr'>in</span> <span class='ocrx_word' id='word_1_108' title='bbox 451 1076 647 1114; x_wconf 89' lang='lat' dir='ltr'>montanis</span> <span class='ocrx_word' id='word_1_109' title='bbox 685 1075 902 1123; x_wconf 87' lang='lat' dir='ltr'>Anatoliae,</span> <span class='ocrx_word' id='word_1_110' title='bbox 937 1073 1107 1123; x_wconf 87' lang='lat' dir='ltr'>Olympo</span> <span class='ocrx_word' id='word_1_111' title='bbox 1141 1077 1180 1111; x_wconf 89' lang='lat' dir='ltr'>et</span> <span class='ocrx_word' id='word_1_112' title='bbox 1204 1072 1385 1122; x_wconf 83' lang='lat' dir='ltr'>Gargaro</span> <span class='ocrx_word' id='word_1_113' title='bbox 1425 1071 1570 1122; x_wconf 87' lang='lat' dir='ltr'>(Auch.</span> <span class='ocrx_word' id='word_1_114' title='bbox 1602 1082 1683 1110; x_wconf 73' lang='lat' dir='ltr'>exe.</span> <span class='ocrx_word' id='word_1_115' title='bbox 1708 1067 1823 1110; x_wconf 81' lang='lat'>567!</span> <span class='ocrx_word' id='word_1_116' title='bbox 1860 1074 1899 1108; x_wconf 84' lang='lat' dir='ltr'>et</span> 
     </span>
     <span class='ocr_line' id='line_1_17' title="bbox 199 1129 1896 1186; baseline -0.004 -13"><span class='ocrx_word' id='word_1_117' title='bbox 199 1132 347 1186; x_wconf 71' lang='lat'>5772),</span> <span class='ocrx_word' id='word_1_118' title='bbox 373 1134 523 1184; x_wconf 78' lang='lat' dir='ltr'>Sypsso,</span> <span class='ocrx_word' id='word_1_119' title='bbox 549 1135 692 1173; x_wconf 89' lang='lat' dir='ltr'>Tmolo</span> <span class='ocrx_word' id='word_1_120' title='bbox 717 1139 754 1173; x_wconf 88' lang='lat' dir='ltr'>et</span> <span class='ocrx_word' id='word_1_121' title='bbox 779 1133 926 1173; x_wconf 84' lang='lat' dir='ltr'>Cadmo</span> <span class='ocrx_word' id='word_1_122' title='bbox 952 1133 1084 1184; x_wconf 89' lang='lat' dir='ltr'>(Boiss</span> <span class='ocrx_word' id='word_1_123' title='bbox 1101 1132 1142 1184; x_wconf 74' lang='grc' dir='ltr'>Ξ),</span> <span class='ocrx_word' id='word_1_124' title='bbox 1168 1133 1366 1171; x_wconf 89' lang='lat' dir='ltr'>montibus</span> <span class='ocrx_word' id='word_1_125' title='bbox 1389 1132 1522 1182; x_wconf 83' lang='lat' dir='ltr'>Lyciae</span> <span class='ocrx_word' id='word_1_126' title='bbox 1538 1129 1742 1184; x_wconf 77' lang='lat' dir='ltr'>(Bourgl),</span> <span class='ocrx_word' id='word_1_127' title='bbox 1761 1129 1896 1168; x_wconf 84' lang='lat' dir='ltr'>Tauro</span> 
     </span>
     <span class='ocr_line' id='line_1_18' title="bbox 197 1190 647 1248; baseline 0.002 -17"><span class='ocrx_word' id='word_1_128' title='bbox 197 1192 362 1233; x_wconf 86' lang='lat' dir='ltr'>Cilicico</span> <span class='ocrx_word' id='word_1_129' title='bbox 386 1195 486 1243; x_wconf 77' lang='lat' dir='ltr'>(Kyl</span> <span class='ocrx_word' id='word_1_130' title='bbox 512 1190 583 1233; x_wconf 88' lang='lat' dir='ltr'>Bal</span> <span class='ocrx_word' id='word_1_131' title='bbox 603 1192 647 1248; x_wconf 77' lang='lat'>1).</span> 
     </span>
    </p>

    <p class='ocr_par' dir='ltr' id='par_1_10' title="bbox 197 1254 1895 1360">
     <span class='ocr_line' id='line_1_19' title="bbox 255 1254 1895 1311; baseline -0.003 -12"><span class='ocrx_word' id='word_1_132' title='bbox 255 1261 393 1300; x_wconf 85' lang='lat' dir='ltr'>Variat</span> <span class='ocrx_word' id='word_1_133' title='bbox 420 1262 559 1311; x_wconf 82' lang='lat' dir='ltr'>glabra</span> <span class='ocrx_word' id='word_1_134' title='bbox 583 1263 646 1299; x_wconf 87' lang='lat' dir='ltr'>vel</span> <span class='ocrx_word' id='word_1_135' title='bbox 671 1261 776 1300; x_wconf 88' lang='lat' dir='ltr'>foliis</span> <span class='ocrx_word' id='word_1_136' title='bbox 801 1261 912 1300; x_wconf 88' lang='lat' dir='ltr'>infer.</span> <span class='ocrx_word' id='word_1_137' title='bbox 939 1260 1147 1298; x_wconf 87' lang='lat' dir='ltr'>villosulis.</span> <span class='ocrx_word' id='word_1_138' title='bbox 1190 1259 1427 1298; x_wconf 86' lang='lat' dir='ltr'>Intermedia</span> <span class='ocrx_word' id='word_1_139' title='bbox 1461 1259 1510 1297; x_wconf 83' lang='lat' dir='ltr'>ad</span> <span class='ocrx_word' id='word_1_140' title='bbox 1534 1258 1699 1296; x_wconf 85' lang='lat' dir='ltr'>formam</span> <span class='ocrx_word' id='word_1_141' title='bbox 1720 1254 1895 1306; x_wconf 85' lang='lat' dir='ltr'>typicam</span> 
     </span>
     <span class='ocr_line' id='line_1_20' title="bbox 197 1326 421 1360; baseline 0 0"><span class='ocrx_word' id='word_1_142' title='bbox 197 1326 421 1360; x_wconf 88' lang='lat' dir='ltr'>occurrunt.</span> 
     </span>
    </p>

    <p class='ocr_par' dir='ltr' id='par_1_11' title="bbox 197 1381 1896 1547">
     <span class='ocr_line' id='line_1_21' title="bbox 254 1381 1896 1447; baseline -0.002 -19"><span class='ocrx_word' id='word_1_143' title='bbox 254 1407 294 1447; x_wconf 80' lang='lat' dir='ltr'>y.</span> <span class='ocrx_word' id='word_1_144' title='bbox 329 1384 634 1443; x_wconf 79' lang='lat' dir='ltr'>Cappadocica.</span> <span class='ocrx_word' id='word_1_145' title='bbox 682 1384 1003 1429; x_wconf 83' lang='lat' dir='ltr'>lnssorescentia</span> <span class='ocrx_word' id='word_1_146' title='bbox 1042 1383 1256 1427; x_wconf 83' lang='lat' dir='ltr'>varietatis</span> <span class='ocrx_word' id='word_1_147' title='bbox 1297 1385 1343 1439; x_wconf 83' lang='grc' dir='ltr'>β.</span> <span class='ocrx_word' id='word_1_148' title='bbox 1383 1384 1456 1426; x_wconf 90' lang='lat' dir='ltr'>sed</span> <span class='ocrx_word' id='word_1_149' title='bbox 1493 1384 1638 1439; x_wconf 87' lang='lat' dir='ltr'>planta</span> <span class='ocrx_word' id='word_1_150' title='bbox 1676 1381 1819 1425; x_wconf 83' lang='lat' dir='ltr'>minor</span> <span class='ocrx_word' id='word_1_151' title='bbox 1854 1387 1896 1424; x_wconf 85' lang='lat' dir='ltr'>et</span> 
     </span>
     <span class='ocr_line' id='line_1_22' title="bbox 197 1439 1891 1547; baseline -0.003 -60"><span class='ocrx_word' id='word_1_152' title='bbox 197 1445 340 1547; x_wconf 59' lang='grc' dir='ltr'>56ρὲὲᾶ</span> <span class='ocrx_word' id='word_1_153' title='bbox 366 1445 867 1503; x_wconf 79' lang='lat' dir='ltr'>glanduloso-puberula.</span> <span class='ocrx_word' id='word_1_154' title='bbox 903 1443 954 1487; x_wconf 83' lang='lat' dir='ltr'>A.</span> <span class='ocrx_word' id='word_1_155' title='bbox 989 1442 1279 1500; x_wconf 78' lang='lat' dir='ltr'>Cappadocica</span> <span class='ocrx_word' id='word_1_156' title='bbox 1307 1442 1438 1485; x_wconf 88' lang='lat' dir='ltr'>Boiss.</span> <span class='ocrx_word' id='word_1_157' title='bbox 1470 1441 1620 1499; x_wconf 84' lang='lat' dir='ltr'>Diagn.</span> <span class='ocrx_word' id='word_1_158' title='bbox 1651 1440 1742 1484; x_wconf 87' lang='lat' dir='ltr'>Ser.</span> <span class='ocrx_word' id='word_1_159' title='bbox 1774 1440 1828 1493; x_wconf 95' lang='lat' dir='ltr'>ll,</span> <span class='ocrx_word' id='word_1_160' title='bbox 1858 1439 1891 1492; x_wconf 91' lang='lat'>1,</span> 
     </span>
    </p>
   </div>
   <div class='ocr_carea' id='block_1_5' title="bbox 255 1566 1385 1626">
    <p class='ocr_par' dir='ltr' id='par_1_12' title="bbox 255 1566 1385 1626">
     <span class='ocr_line' id='line_1_23' title="bbox 255 1566 1385 1626; baseline -0.002 -15"><span class='ocrx_word' id='word_1_161' title='bbox 255 1573 356 1611; x_wconf 89' lang='lat' dir='ltr'>Hab.</span> <span class='ocrx_word' id='word_1_162' title='bbox 383 1574 422 1611; x_wconf 91' lang='lat' dir='ltr'>in</span> <span class='ocrx_word' id='word_1_163' title='bbox 446 1573 641 1612; x_wconf 90' lang='lat' dir='ltr'>montibus</span> <span class='ocrx_word' id='word_1_164' title='bbox 668 1572 931 1621; x_wconf 71' lang='lat' dir='ltr'>Cappadociae</span> <span class='ocrx_word' id='word_1_165' title='bbox 957 1569 1102 1626; x_wconf 87' lang='lat' dir='ltr'>(Auch.</span> <span class='ocrx_word' id='word_1_166' title='bbox 1129 1583 1211 1610; x_wconf 83' lang='lat' dir='ltr'>exs.</span> <span class='ocrx_word' id='word_1_167' title='bbox 1238 1566 1385 1622; x_wconf 83' lang='lat'>597!).</span> 
     </span>
    </p>
   </div>
   <div class='ocr_carea' id='block_1_6' title="bbox 199 1636 1900 2320">
    <p class='ocr_par' dir='ltr' id='par_1_13' title="bbox 199 1636 1899 1812">
     <span class='ocr_line' id='line_1_24' title="bbox 257 1636 1897 1694; baseline -0.004 -12"><span class='ocrx_word' id='word_1_168' title='bbox 257 1639 296 1682; x_wconf 73' lang='grc' dir='ltr'>ὃ.</span> <span class='ocrx_word' id='word_1_169' title='bbox 330 1638 568 1694; x_wconf 76' lang='lat' dir='ltr'>brevislora.</span> <span class='ocrx_word' id='word_1_170' title='bbox 610 1638 713 1681; x_wconf 86' lang='lat' dir='ltr'>Tota</span> <span class='ocrx_word' id='word_1_171' title='bbox 739 1637 1156 1694; x_wconf 77' lang='lat' dir='ltr'>velulino-puberula</span> <span class='ocrx_word' id='word_1_172' title='bbox 1174 1673 1183 1691; x_wconf 91' lang='lat'>,</span> <span class='ocrx_word' id='word_1_173' title='bbox 1212 1637 1311 1680; x_wconf 87' lang='lat' dir='ltr'>folia</span> <span class='ocrx_word' id='word_1_174' title='bbox 1338 1636 1484 1679; x_wconf 84' lang='lat' dir='ltr'>brevia</span> <span class='ocrx_word' id='word_1_175' title='bbox 1512 1636 1737 1692; x_wconf 86' lang='lat' dir='ltr'>adpressa,</span> <span class='ocrx_word' id='word_1_176' title='bbox 1767 1647 1897 1691; x_wconf 76' lang='lat' dir='ltr'>cymae</span> 
     </span>
     <span class='ocr_line' id='line_1_25' title="bbox 199 1694 1899 1798; baseline -0.002 -59"><span class='ocrx_word' id='word_1_177' title='bbox 199 1703 430 1798; x_wconf 56' lang='lat' dir='ltr'>fontractae</span> <span class='ocrx_word' id='word_1_178' title='bbox 453 1697 732 1755; x_wconf 75' lang='lat' dir='ltr'>corymbosae,</span> <span class='ocrx_word' id='word_1_179' title='bbox 762 1697 876 1754; x_wconf 85' lang='lat' dir='ltr'>calyx</span> <span class='ocrx_word' id='word_1_180' title='bbox 904 1696 1183 1752; x_wconf 78' lang='lat' dir='ltr'>glandulosus</span> <span class='ocrx_word' id='word_1_181' title='bbox 1210 1695 1525 1740; x_wconf 85' lang='lat' dir='ltr'>ovato-conicus</span> <span class='ocrx_word' id='word_1_182' title='bbox 1550 1694 1708 1737; x_wconf 86' lang='lat' dir='ltr'>lineam</span> <span class='ocrx_word' id='word_1_183' title='bbox 1734 1699 1899 1736; x_wconf 80' lang='lat' dir='ltr'>tantum</span> 
     </span>
     <span class='ocr_line' id='line_1_26' title="bbox 216 1769 370 1812; baseline 0 -14"><span class='ocrx_word' id='word_1_184' title='bbox 216 1769 370 1812; x_wconf 70' lang='lat' dir='ltr'>ongus</span> 
     </span>
    </p>

    <p class='ocr_par' dir='ltr' id='par_1_14' title="bbox 258 1823 1200 1880">
     <span class='ocr_line' id='line_1_27' title="bbox 258 1823 1200 1880; baseline -0.001 -16"><span class='ocrx_word' id='word_1_185' title='bbox 258 1826 360 1865; x_wconf 88' lang='lat' dir='ltr'>Hab.</span> <span class='ocrx_word' id='word_1_186' title='bbox 387 1838 509 1875; x_wconf 85' lang='lat' dir='ltr'>prope</span> <span class='ocrx_word' id='word_1_187' title='bbox 533 1827 732 1875; x_wconf 84' lang='lat' dir='ltr'>Aneyram</span> <span class='ocrx_word' id='word_1_188' title='bbox 758 1826 923 1865; x_wconf 76' lang='lat' dir='ltr'>Galatiae</span> <span class='ocrx_word' id='word_1_189' title='bbox 949 1823 1200 1880; x_wconf 69' lang='lat' dir='ltr'>(Wiedemt).</span> 
     </span>
    </p>

    <p class='ocr_par' dir='ltr' id='par_1_15' title="bbox 199 1889 1900 2124">
     <span class='ocr_line' id='line_1_28' title="bbox 257 1889 1900 1948; baseline -0.001 -14"><span class='ocrx_word' id='word_1_190' title='bbox 257 1911 289 1935; x_wconf 84' lang='grc' dir='ltr'>ε.</span> <span class='ocrx_word' id='word_1_191' title='bbox 322 1891 631 1947; x_wconf 75' lang='lat' dir='ltr'>corymbulosa.</span> <span class='ocrx_word' id='word_1_192' title='bbox 664 1891 717 1934; x_wconf 84' lang='lat' dir='ltr'>Ut</span> <span class='ocrx_word' id='word_1_193' title='bbox 742 1891 785 1934; x_wconf 91' lang='lat' dir='ltr'>in</span> <span class='ocrx_word' id='word_1_194' title='bbox 812 1891 1087 1934; x_wconf 78' lang='lat' dir='ltr'>varietatibus</span> <span class='ocrx_word' id='word_1_195' title='bbox 1114 1891 1457 1948; x_wconf 75' lang='lat' dir='ltr'>praecedentibus</span> <span class='ocrx_word' id='word_1_196' title='bbox 1481 1891 1610 1934; x_wconf 89' lang='lat' dir='ltr'>dense</span> <span class='ocrx_word' id='word_1_197' title='bbox 1628 1889 1900 1947; x_wconf 59' lang='lat' dir='ltr'>corymbosa..</span> 
     </span>
     <span class='ocr_line' id='line_1_29' title="bbox 199 1947 1893 2006; baseline -0.001 -14"><span class='ocrx_word' id='word_1_198' title='bbox 199 1950 270 1992; x_wconf 88' lang='lat' dir='ltr'>sed</span> <span class='ocrx_word' id='word_1_199' title='bbox 299 1949 482 1993; x_wconf 69' lang='lat' dir='ltr'>bracteae</span> <span class='ocrx_word' id='word_1_200' title='bbox 510 1950 596 1993; x_wconf 79' lang='lat' dir='ltr'>fere</span> <span class='ocrx_word' id='word_1_201' title='bbox 623 1950 798 1993; x_wconf 87' lang='lat' dir='ltr'>omnino</span> <span class='ocrx_word' id='word_1_202' title='bbox 827 1950 1042 2004; x_wconf 77' lang='lat' dir='ltr'>scariosae,</span> <span class='ocrx_word' id='word_1_203' title='bbox 1070 1951 1198 1993; x_wconf 77' lang='lat' dir='ltr'>flores</span> <span class='ocrx_word' id='word_1_204' title='bbox 1225 1950 1415 1993; x_wconf 87' lang='lat' dir='ltr'>minores</span> <span class='ocrx_word' id='word_1_205' title='bbox 1443 1956 1483 1992; x_wconf 79' lang='lat' dir='ltr'>et</span> <span class='ocrx_word' id='word_1_206' title='bbox 1510 1949 1652 2006; x_wconf 86' lang='lat' dir='ltr'>sepala</span> <span class='ocrx_word' id='word_1_207' title='bbox 1673 1947 1893 2005; x_wconf 83' lang='lat' dir='ltr'>pruinosa,</span> 
     </span>
     <span class='ocr_line' id='line_1_30' title="bbox 200 2007 1894 2065; baseline -0.001 -15"><span class='ocrx_word' id='word_1_208' title='bbox 200 2007 362 2050; x_wconf 86' lang='lat' dir='ltr'>semina</span> <span class='ocrx_word' id='word_1_209' title='bbox 396 2009 612 2064; x_wconf 76' lang='lat' dir='ltr'>rugulosa.</span> <span class='ocrx_word' id='word_1_210' title='bbox 658 2008 710 2052; x_wconf 82' lang='lat' dir='ltr'>A.</span> <span class='ocrx_word' id='word_1_211' title='bbox 742 2009 1034 2065; x_wconf 77' lang='lat' dir='ltr'>corymbulosa</span> <span class='ocrx_word' id='word_1_212' title='bbox 1072 2008 1205 2052; x_wconf 87' lang='lat' dir='ltr'>Boiss.</span> <span class='ocrx_word' id='word_1_213' title='bbox 1243 2017 1283 2052; x_wconf 80' lang='lat' dir='ltr'>et</span> <span class='ocrx_word' id='word_1_214' title='bbox 1316 2009 1400 2052; x_wconf 88' lang='lat' dir='ltr'>Bal.</span> <span class='ocrx_word' id='word_1_215' title='bbox 1438 2007 1587 2065; x_wconf 83' lang='lat' dir='ltr'>Diagn.</span> <span class='ocrx_word' id='word_1_216' title='bbox 1620 2007 1710 2050; x_wconf 81' lang='lat' dir='ltr'>Ser.</span> <span class='ocrx_word' id='word_1_217' title='bbox 1742 2008 1795 2061; x_wconf 88' lang='lat' dir='ltr'>Il,</span> <span class='ocrx_word' id='word_1_218' title='bbox 1823 2007 1894 2061; x_wconf 91' lang='lat' dir='ltr'>VI,</span> 
     </span>
     <span class='ocr_line' id='line_1_31' title="bbox 199 2065 1538 2124; baseline 0 -15"><span class='ocrx_word' id='word_1_219' title='bbox 199 2080 238 2123; x_wconf 92' lang='lat' dir='ltr'>p.</span> <span class='ocrx_word' id='word_1_220' title='bbox 261 2065 332 2110; x_wconf 81' lang='lat'>37.</span> <span class='ocrx_word' id='word_1_221' title='bbox 363 2066 415 2109; x_wconf 88' lang='lat' dir='ltr'>A.</span> <span class='ocrx_word' id='word_1_222' title='bbox 445 2067 774 2110; x_wconf 74' lang='lat' dir='ltr'>scleranthoz‘des</span> <span class='ocrx_word' id='word_1_223' title='bbox 802 2067 935 2112; x_wconf 86' lang='lat' dir='ltr'>Boiss.</span> <span class='ocrx_word' id='word_1_224' title='bbox 966 2067 1116 2124; x_wconf 79' lang='lat' dir='ltr'>Diagn.</span> <span class='ocrx_word' id='word_1_225' title='bbox 1146 2067 1237 2111; x_wconf 83' lang='lat' dir='ltr'>Ser.</span> <span class='ocrx_word' id='word_1_226' title='bbox 1270 2069 1303 2122; x_wconf 92' lang='grc' dir='ltr'>Ι,</span> <span class='ocrx_word' id='word_1_227' title='bbox 1334 2067 1365 2121; x_wconf 91' lang='grc' dir='ltr'>Ι,</span> <span class='ocrx_word' id='word_1_228' title='bbox 1395 2081 1436 2124; x_wconf 93' lang='lat' dir='ltr'>p.</span> <span class='ocrx_word' id='word_1_229' title='bbox 1467 2066 1538 2111; x_wconf 82' lang='lat'>88.</span> 
     </span>
    </p>

    <p class='ocr_par' dir='ltr' id='par_1_16' title="bbox 199 2134 1893 2248">
     <span class='ocr_line' id='line_1_32' title="bbox 258 2134 1893 2193; baseline 0 -19"><span class='ocrx_word' id='word_1_230' title='bbox 258 2136 360 2175; x_wconf 88' lang='lat' dir='ltr'>Hab.</span> <span class='ocrx_word' id='word_1_231' title='bbox 388 2138 425 2174; x_wconf 91' lang='lat' dir='ltr'>iu</span> <span class='ocrx_word' id='word_1_232' title='bbox 452 2141 580 2175; x_wconf 85' lang='lat' dir='ltr'>monte</span> <span class='ocrx_word' id='word_1_233' title='bbox 605 2137 776 2186; x_wconf 84' lang='lat' dir='ltr'>Alidagh</span> <span class='ocrx_word' id='word_1_234' title='bbox 804 2137 1066 2187; x_wconf 85' lang='lat' dir='ltr'>Cappadociae</span> <span class='ocrx_word' id='word_1_235' title='bbox 1098 2134 1211 2193; x_wconf 78' lang='lat' dir='ltr'>(Ball</span> <span class='ocrx_word' id='word_1_236' title='bbox 1239 2138 1363 2175; x_wconf 85' lang='lat' dir='ltr'>forma</span> <span class='ocrx_word' id='word_1_237' title='bbox 1389 2138 1535 2185; x_wconf 87' lang='lat' dir='ltr'>elata),</span> <span class='ocrx_word' id='word_1_238' title='bbox 1562 2138 1599 2174; x_wconf 93' lang='lat' dir='ltr'>in</span> <span class='ocrx_word' id='word_1_239' title='bbox 1623 2137 1766 2185; x_wconf 84' lang='lat' dir='ltr'>alpinis</span> <span class='ocrx_word' id='word_1_240' title='bbox 1790 2136 1893 2174; x_wconf 90' lang='lat' dir='ltr'>Ana-</span> 
     </span>
     <span class='ocr_line' id='line_1_33' title="bbox 199 2195 1094 2248; baseline 0.001 -14"><span class='ocrx_word' id='word_1_241' title='bbox 199 2196 302 2234; x_wconf 84' lang='lat' dir='ltr'>toliae</span> <span class='ocrx_word' id='word_1_242' title='bbox 326 2208 451 2245; x_wconf 87' lang='lat' dir='ltr'>prope</span> <span class='ocrx_word' id='word_1_243' title='bbox 475 2196 588 2234; x_wconf 87' lang='lat' dir='ltr'>Sivas</span> <span class='ocrx_word' id='word_1_244' title='bbox 616 2195 740 2248; x_wconf 79' lang='lat' dir='ltr'>(Noe&#39;l</span> <span class='ocrx_word' id='word_1_245' title='bbox 769 2198 894 2235; x_wconf 87' lang='lat' dir='ltr'>forma</span> <span class='ocrx_word' id='word_1_246' title='bbox 918 2198 1094 2248; x_wconf 88' lang='lat' dir='ltr'>pumila).</span> 
     </span>
    </p>

    <p class='ocr_par' dir='ltr' id='par_1_17' title="bbox 259 2261 1891 2320">
     <span class='ocr_line' id='line_1_34' title="bbox 259 2261 1891 2320; baseline 0.001 -17"><span class='ocrx_word' id='word_1_247' title='bbox 259 2268 295 2314; x_wconf 87' lang='grc' dir='ltr'>ζ.</span> <span class='ocrx_word' id='word_1_248' title='bbox 326 2262 631 2318; x_wconf 74' lang='lat' dir='ltr'>yranulz’slora.</span> <span class='ocrx_word' id='word_1_249' title='bbox 662 2263 765 2306; x_wconf 83' lang='lat' dir='ltr'>Tota</span> <span class='ocrx_word' id='word_1_250' title='bbox 790 2263 1045 2320; x_wconf 81' lang='lat' dir='ltr'>pubescens,</span> <span class='ocrx_word' id='word_1_251' title='bbox 1077 2262 1203 2306; x_wconf 87' lang='lat' dir='ltr'>facies</span> <span class='ocrx_word' id='word_1_252' title='bbox 1230 2276 1318 2305; x_wconf 87' lang='lat' dir='ltr'>var.</span> <span class='ocrx_word' id='word_1_253' title='bbox 1350 2283 1366 2308; x_wconf 84' lang='grc' dir='ltr'><em>ε</em></span> <span class='ocrx_word' id='word_1_254' title='bbox 1395 2262 1468 2305; x_wconf 88' lang='lat' dir='ltr'>sed</span> <span class='ocrx_word' id='word_1_255' title='bbox 1487 2275 1618 2318; x_wconf 78' lang='lat' dir='ltr'>cymae</span> <span class='ocrx_word' id='word_1_256' title='bbox 1636 2261 1891 2305; x_wconf 83' lang='lat' dir='ltr'>contractio-</span> 
     </span>
    </p>
   </div>
   <div class='ocr_carea' id='block_1_7' title="bbox 200 2319 1892 2438">
    <p class='ocr_par' dir='ltr' id='par_1_18' title="bbox 200 2319 1892 2438">
     <span class='ocr_line' id='line_1_35' title="bbox 200 2319 1892 2385; baseline 0.001 -23"><span class='ocrx_word' id='word_1_257' title='bbox 200 2334 268 2363; x_wconf 88' lang='lat' dir='ltr'>res</span> <span class='ocrx_word' id='word_1_258' title='bbox 303 2319 520 2385; x_wconf 28' lang='lat' dir='ltr'>peudicellis</span> <span class='ocrx_word' id='word_1_259' title='bbox 555 2320 834 2375; x_wconf 83' lang='lat' dir='ltr'>brevissimis,</span> <span class='ocrx_word' id='word_1_260' title='bbox 873 2322 990 2380; x_wconf 85' lang='lat' dir='ltr'>calyx</span> <span class='ocrx_word' id='word_1_261' title='bbox 1026 2321 1214 2364; x_wconf 81' lang='lat' dir='ltr'>breviter</span> <span class='ocrx_word' id='word_1_262' title='bbox 1249 2321 1465 2365; x_wconf 86' lang='lat' dir='ltr'>ovoideus.</span> <span class='ocrx_word' id='word_1_263' title='bbox 1517 2320 1570 2363; x_wconf 89' lang='lat' dir='ltr'>A.</span> <span class='ocrx_word' id='word_1_264' title='bbox 1601 2320 1892 2377; x_wconf 76' lang='lat' dir='ltr'>yranuliflora</span> 
     </span>
     <span class='ocr_line' id='line_1_36' title="bbox 200 2378 1079 2438; baseline 0.001 -17"><span class='ocrx_word' id='word_1_265' title='bbox 200 2378 326 2422; x_wconf 88' lang='lat' dir='ltr'>Fenzl</span> <span class='ocrx_word' id='word_1_266' title='bbox 352 2393 395 2421; x_wconf 81' lang='lat' dir='ltr'>in</span> <span class='ocrx_word' id='word_1_267' title='bbox 423 2379 577 2422; x_wconf 89' lang='lat' dir='ltr'>Ledeb.</span> <span class='ocrx_word' id='word_1_268' title='bbox 610 2379 669 2422; x_wconf 91' lang='lat' dir='ltr'>Fl.</span> <span class='ocrx_word' id='word_1_269' title='bbox 702 2380 822 2424; x_wconf 82' lang='lat' dir='ltr'>Ross.</span> <span class='ocrx_word' id='word_1_270' title='bbox 857 2381 889 2435; x_wconf 92' lang='lat' dir='ltr'>l,</span> <span class='ocrx_word' id='word_1_271' title='bbox 918 2394 958 2438; x_wconf 90' lang='lat' dir='ltr'>p.</span> <span class='ocrx_word' id='word_1_272' title='bbox 979 2379 1079 2424; x_wconf 72' lang='lat'>346.</span> 
     </span>
    </p>
   </div>
   <div class='ocr_carea' id='block_1_8' title="bbox 258 2449 1741 2504">
    <p class='ocr_par' dir='ltr' id='par_1_19' title="bbox 258 2449 1741 2504">
     <span class='ocr_line' id='line_1_37' title="bbox 258 2449 1741 2504; baseline 0 -16"><span class='ocrx_word' id='word_1_273' title='bbox 258 2451 360 2489; x_wconf 88' lang='lat' dir='ltr'>Hab.</span> <span class='ocrx_word' id='word_1_274' title='bbox 382 2451 419 2488; x_wconf 91' lang='lat' dir='ltr'>in</span> <span class='ocrx_word' id='word_1_275' title='bbox 446 2450 764 2490; x_wconf 73' lang='lat' dir='ltr'>Transcaucasia</span> <span class='ocrx_word' id='word_1_276' title='bbox 786 2453 836 2490; x_wconf 85' lang='lat' dir='ltr'>ad</span> <span class='ocrx_word' id='word_1_277' title='bbox 858 2454 955 2491; x_wconf 90' lang='lat' dir='ltr'>fines</span> <span class='ocrx_word' id='word_1_278' title='bbox 981 2450 1173 2491; x_wconf 87' lang='lat' dir='ltr'>Turcicas</span> <span class='ocrx_word' id='word_1_279' title='bbox 1199 2451 1384 2504; x_wconf 89' lang='lat' dir='ltr'>(Nordm.</span> <span class='ocrx_word' id='word_1_280' title='bbox 1411 2452 1448 2488; x_wconf 90' lang='lat' dir='ltr'>in</span> <span class='ocrx_word' id='word_1_281' title='bbox 1473 2450 1582 2489; x_wconf 85' lang='lat' dir='ltr'>herb.</span> <span class='ocrx_word' id='word_1_282' title='bbox 1607 2449 1741 2503; x_wconf 70' lang='lat' dir='ltr'>Ledt).</span> 
     </span>
    </p>
   </div>
   <div class='ocr_carea' id='block_1_9' title="bbox 198 2515 1887 2616">
    <p class='ocr_par' dir='ltr' id='par_1_20' title="bbox 198 2515 1887 2616">
     <span class='ocr_line' id='line_1_38' title="bbox 257 2515 1887 2567; baseline 0.002 -14"><span class='ocrx_word' id='word_1_283' title='bbox 257 2515 333 2554; x_wconf 81' lang='lat' dir='ltr'>Ar.</span> <span class='ocrx_word' id='word_1_284' title='bbox 366 2515 530 2567; x_wconf 77' lang='lat' dir='ltr'>Geogr.</span> <span class='ocrx_word' id='word_1_285' title='bbox 568 2517 699 2556; x_wconf 86' lang='lat' dir='ltr'>Gallia</span> <span class='ocrx_word' id='word_1_286' title='bbox 723 2522 761 2557; x_wconf 91' lang='lat' dir='ltr'>et</span> <span class='ocrx_word' id='word_1_287' title='bbox 783 2518 994 2557; x_wconf 85' lang='lat' dir='ltr'>Germania</span> <span class='ocrx_word' id='word_1_288' title='bbox 1027 2519 1165 2557; x_wconf 83' lang='lat' dir='ltr'>mediae</span> <span class='ocrx_word' id='word_1_289' title='bbox 1198 2522 1237 2556; x_wconf 87' lang='lat' dir='ltr'>et</span> <span class='ocrx_word' id='word_1_290' title='bbox 1260 2519 1478 2567; x_wconf 82' lang='lat' dir='ltr'>australes,</span> <span class='ocrx_word' id='word_1_291' title='bbox 1520 2518 1663 2556; x_wconf 90' lang='lat' dir='ltr'>Rossia</span> <span class='ocrx_word' id='word_1_292' title='bbox 1692 2519 1887 2567; x_wconf 86' lang='lat' dir='ltr'>australis,</span> 
     </span>
     <span class='ocr_line' id='line_1_39' title="bbox 198 2575 581 2616; baseline 0 -1"><span class='ocrx_word' id='word_1_293' title='bbox 198 2575 343 2616; x_wconf 85' lang='lat' dir='ltr'>Sibiria</span> <span class='ocrx_word' id='word_1_294' title='bbox 365 2576 581 2615; x_wconf 86' lang='lat' dir='ltr'>Uralensis.</span> 
     </span>
    </p>
   </div>
   <div class='ocr_carea' id='block_1_10' title="bbox 195 2729 1889 2952">
    <p class='ocr_par' dir='ltr' id='par_1_21' title="bbox 195 2729 1889 2952">
     <span class='ocr_line' id='line_1_40' title="bbox 255 2729 1889 2788; baseline -0.002 -12"><span class='ocrx_word' id='word_1_295' title='bbox 255 2734 316 2776; x_wconf 87' lang='lat' dir='ltr'>A.</span> <span class='ocrx_word' id='word_1_296' title='bbox 345 2734 689 2777; x_wconf 83' lang='lat' dir='ltr'>Libanotica</span> <span class='ocrx_word' id='word_1_297' title='bbox 730 2731 892 2787; x_wconf 88' lang='lat' dir='ltr'>(Boiss.</span> <span class='ocrx_word' id='word_1_298' title='bbox 924 2731 1073 2788; x_wconf 80' lang='lat' dir='ltr'>Diagn.</span> <span class='ocrx_word' id='word_1_299' title='bbox 1105 2731 1195 2775; x_wconf 86' lang='lat' dir='ltr'>Ser.</span> <span class='ocrx_word' id='word_1_300' title='bbox 1228 2731 1260 2785; x_wconf 93' lang='lat' dir='ltr'>l,</span> <span class='ocrx_word' id='word_1_301' title='bbox 1290 2731 1401 2785; x_wconf 90' lang='lat' dir='ltr'>Vlll,</span> <span class='ocrx_word' id='word_1_302' title='bbox 1430 2745 1470 2787; x_wconf 94' lang='lat' dir='ltr'>p.</span> <span class='ocrx_word' id='word_1_303' title='bbox 1502 2729 1585 2787; x_wconf 84' lang='lat'>98)</span> <span class='ocrx_word' id='word_1_304' title='bbox 1629 2730 1889 2786; x_wconf 82' lang='lat' dir='ltr'>glaberrima</span> 
     </span>
     <span class='ocr_line' id='line_1_41' title="bbox 197 2789 1887 2848; baseline -0.001 -14"><span class='ocrx_word' id='word_1_305' title='bbox 197 2791 420 2848; x_wconf 81' lang='lat' dir='ltr'>cespitosa‚</span> <span class='ocrx_word' id='word_1_306' title='bbox 466 2789 699 2834; x_wconf 87' lang='lat' dir='ltr'>caudiculis</span> <span class='ocrx_word' id='word_1_307' title='bbox 727 2790 933 2846; x_wconf 74' lang='lat' dir='ltr'>elongatis</span> <span class='ocrx_word' id='word_1_308' title='bbox 959 2790 1183 2847; x_wconf 77' lang='lat' dir='ltr'>prostratis</span> <span class='ocrx_word' id='word_1_309' title='bbox 1210 2789 1397 2833; x_wconf 75' lang='lat' dir='ltr'>tenuiter</span> <span class='ocrx_word' id='word_1_310' title='bbox 1422 2789 1712 2842; x_wconf 85' lang='lat' dir='ltr'>filiformibus,</span> <span class='ocrx_word' id='word_1_311' title='bbox 1754 2789 1887 2833; x_wconf 79' lang='lat' dir='ltr'>ramis</span> 
     </span>
     <span class='ocr_line' id='line_1_42' title="bbox 196 2847 1887 2908; baseline 0 -17"><span class='ocrx_word' id='word_1_312' title='bbox 196 2849 396 2893; x_wconf 80' lang='lat' dir='ltr'>brevibus</span> <span class='ocrx_word' id='word_1_313' title='bbox 423 2849 675 2908; x_wconf 84' lang='lat' dir='ltr'>corymbose</span> <span class='ocrx_word' id='word_1_314' title='bbox 702 2848 776 2891; x_wconf 52' lang='lat'>25</span> <span class='ocrx_word' id='word_1_315' title='bbox 801 2847 935 2902; x_wconf 83' lang='lat' dir='ltr'>floris,</span> <span class='ocrx_word' id='word_1_316' title='bbox 968 2848 1184 2905; x_wconf 87' lang='lat' dir='ltr'>pedicellis</span> <span class='ocrx_word' id='word_1_317' title='bbox 1202 2850 1340 2907; x_wconf 83' lang='lat' dir='ltr'>calyce</span> <span class='ocrx_word' id='word_1_318' title='bbox 1357 2848 1643 2901; x_wconf 83' lang='lat' dir='ltr'>brevioribus,</span> <span class='ocrx_word' id='word_1_319' title='bbox 1674 2848 1784 2893; x_wconf 78' lang='lat' dir='ltr'>foliis</span> <span class='ocrx_word' id='word_1_320' title='bbox 1812 2849 1887 2891; x_wconf 89' lang='lat' dir='ltr'>mi-</span> 
     </span>
     <span class='ocr_line' id='line_1_43' title="bbox 195 2907 1885 2952; baseline 0.001 -2"><span class='ocrx_word' id='word_1_321' title='bbox 195 2908 321 2951; x_wconf 89' lang='lat' dir='ltr'>nimis</span> <span class='ocrx_word' id='word_1_322' title='bbox 351 2907 704 2952; x_wconf 73' lang='lat' dir='ltr'>tereti-subulatis</span> <span class='ocrx_word' id='word_1_323' title='bbox 732 2907 902 2951; x_wconf 80' lang='lat' dir='ltr'>sulcatis</span> <span class='ocrx_word' id='word_1_324' title='bbox 930 2907 1216 2951; x_wconf 84' lang='lat' dir='ltr'>obtusissimis</span> <span class='ocrx_word' id='word_1_325' title='bbox 1244 2907 1520 2951; x_wconf 82' lang='lat' dir='ltr'>inferioribus</span> <span class='ocrx_word' id='word_1_326' title='bbox 1547 2907 1676 2951; x_wconf 89' lang='lat' dir='ltr'>dense</span> <span class='ocrx_word' id='word_1_327' title='bbox 1704 2914 1743 2950; x_wconf 75' lang='lat' dir='ltr'>et</span> <span class='ocrx_word' id='word_1_328' title='bbox 1776 2914 1885 2951; x_wconf 65' lang='lat' dir='ltr'>tetra</span> 
     </span>
    </p>
   </div>
  </div>
 </body>
</html>
