2021 3235
896 168 981 213 893

95 262 327 308 linearibus
354 262 487 307 acutis
514 262 724 306 fertilibus
750 261 996 305 lanceolatis
1023 261 1141 320 apice
1169 259 1688 312 subulatiS,valvula1um
1716 260 1778 304 fo-

95 324 222 367 veolis
248 323 395 366 subtus
423 321 540 378 plicis
568 321 679 364 binis
706 320 929 378 profundis
956 319 1209 362 tiansversis
1246 319 1407 372 auctis,
1455 327 1593 362 rostro
1620 320 1779 376 longis-

96 382 203 425 simo
233 387 297 433 Θ.
328 380 383 423 Ε.
416 381 558 436 botrys
586 379 697 422 Bert.
728 380 895 422 Amoen.

153 452 252 489 Hab.
279 452 317 487 in
355 451 534 488 arenosis
561 450 737 497 Byzantii
764 448 906 498 (Aueh.
934 460 1015 486 exs.
1041 445 1154 486 2091
1178 444 1220 495 1),
1247 459 1294 484 ex
1325 447 1478 485 Graecia
1517 451 1555 485 et
1586 447 1685 486 Asia
1708 449 1781 485 mi-

95 522 190 549 nore
213 510 412 558 hucusque
434 519 513 546 non
538 509 631 546 vidi.

153 575 228 615 Ar.
260 575 422 627 Geogr.
456 577 668 626 Hispania,
695 574 825 613 Gallia
847 575 1054 623 australis,
1080 574 1215 612 Africa
1240 574 1437 623 borealis,
1462 575 1623 612 Madera
1655 579 1693 612 et
1726 575 1779 612 in-

96 637 190 675 sulae
215 636 486 675 Canarienses.

155 791 585 835 E.1aoiniatum
613 790 782 847 (Cavan.
813 790 917 833 Diss
953 791 1019 843 lV,
1049 804 1089 847 p.
1117 789 1219 844 228,
1250 790 1334 833 tab
1366 789 1473 843 113,
1502 789 1573 845 fig.
1604 788 1650 846 3)
1680 803 1779 831 cau-

96 848 207 892 libus
233 849 611 906 procumbentibus
644 849 896 906 petiolisque
932 849 1028 906 pilis
1054 849 1270 906 papillosis
1299 855 1533 892 retrorsum
1562 847 1685 889 hirtis
1713 861 1774 890 ra-

98 909 187 950 rius
213 907 593 963 glabrescentibus,
622 907 733 950 foliis
759 907 980 973 papilloso-
966 907 1106 949 -hirtis
1143 908 1243 950 vel
1232 906 1596 963 glabrescentibus
1624 906 1783 949 infimis

96 966 420 1009 ovato-cordatis
448 966 596 1009 obtuse
623 966 788 1009 trilobis
815 966 979 1008 caeteris
1006 965 1339 1022 pinnatipartitis
1365 966 1427 1007 vel
1445 964 1783 1022 bipinnatisectis

96 1024 261 1067 laciniis
287 1024 522 1068 latiusculis
548 1024 749 1067 brevibus
776 1025 926 1078 acutis,
957 1024 1124 1081 stipulis
1151 1024 1282 1067 ovatis
1309 1024 1498 1077 obtusis,
1534 1023 1784 1080 pedunculis

95 1082 231 1139 longis
256 1082 336 1126 4-6
363 1082 498 1136 ssoris,
529 1083 680 1140 sepalis
707 1082 830 1125 hirtis
856 1082 1116 1139 glandulosis
1144 1082 1423 1133 mucronatis,
1452 1082 1600 1139 petalis
1628 1096 1785 1139 purpu-

96 1141 180 1184 reis
208 1140 402 1198 oblongis
429 1142 570 1199 calyce
597 1141 1011 1207 sesquilongioribus
1038 1142 1099 1184 vel
1128 1155 1224 1184 eum
1242 1141 1528 1198 aequantibus,
1558 1140 1785 1183 filamentis

96 1199 329 1256 majoribus
356 1200 407 1243 ad
435 1214 598 1265 apicem
628 1200 759 1257 partis
786 1199 969 1244 dilatatae
996 1200 1305 1243 subbidentatis
1332 1200 1547 1242 interdum
1575 1199 1785 1242 edentulis

95 1258 254 1314 glabris
281 1259 342 1302 vel
370 1272 509 1301 rarius
537 1259 599 1301 1-
613 1258 638 1300 2
665 1259 773 1302 ciliis
800 1259 973 1313 obsitis,
1010 1259 1270 1301 valvularum
1298 1258 1471 1302 foveolis
1499 1258 1647 1301 subtus
1674 1257 1782 1314 plicat

95 1317 329 1370 destitutis,
370 1324 509 1360 rostro
542 1318 725 1374 carpello
759 1315 820 1359 6-
838 1319 864 1360 8
899 1319 968 1375 plo
1003 1316 1196 1374 longiore
1227 1323 1293 1369 O.
1333 1317 1390 1360 Ε.
1419 1317 1676 1360 laciniatum
1714 1316 1777 1359 Fl.

94 1375 228 1419 Graec.
259 1376 344 1418 tab.
377 1374 461 1418 655
489 1382 530 1418 et
556 1376 611 1419 E.
645 1375 803 1419 Chium
830 1377 891 1419 Fl.
912 1377 969 1420 Gr
1006 1376 1090 1419 tab.
1113 1374 1196 1418 657
1215 1390 1300 1418 non
1320 1376 1363 1418 L.
1386 1376 1542 1432 <forma
1569 1375 1783 1418 maritima

93 1434 240 1490 petalis
267 1434 521 1483 diminutis).
557 1434 611 1477 E.
642 1435 771 1490 afflue
798 1436 899 1478 Ten.
931 1435 1026 1492 Syll.
1058 1449 1099 1491 p.
1130 1432 1230 1478 330.
1262 1434 1316 1476 Ε.
1338 1435 1689 1491 pulverulentum
1706 1433 1781 1477 Ca-

93 1506 189 1535 van.
224 1492 397 1536 Dissert.
439 1492 511 1546 14,
541 1493 624 1536 tab.
656 1492 766 1546 125,
804 1494 875 1550 fig.
908 1494 928 1536 1
967 1507 1052 1536 non
1078 1492 1189 1536 Desf.
1224 1493 1277 1536 E.
1307 1493 1541 1550 striyosum
1567 1492 1706 1535 Karel.
1738 1492 1781 1535 in

94 1550 250 1594 Ledeb.
283 1551 342 1594 Fl.
372 1552 493 1594 Ross.
528 1551 560 1605 Ι,
589 1566 632 1609 p.
662 1551 770 1595 475!

151 1623 251 1661 Hab.
289 1624 327 1660 in
360 1624 536 1661 arenosis
571 1625 774 1661 maritimis
804 1627 843 1661 et
878 1625 1005 1662 rarius
1043 1625 1081 1661 in
1123 1623 1373 1661 interioribus
1405 1615 1615 1670 Graeoiael,
1657 1622 1783 1661 Cretae

95 1680 262 1730 (Heldrl
290 1677 451 1734 Raull),
474 1682 655 1720 Thraciae
680 1682 840 1733 (Griseb
861 1681 925 1731 1),
957 1683 1077 1732 Cypri
1103 1680 1187 1737 (Ky
1204 1676 1271 1733 1),
1298 1682 1576 1732 Pamphyliae(
1566 1680 1780 1735 (,Heldrl)

96 1740 241 1779 Ciliciae
264 1740 405 1791 (Oadet
418 1743 455 1790 ¹)
482 1741 606 1790 Syriae
628 1742 689 1792 (Bl
704 1741 745 1794 ¹)
773 1742 932 1780 ditionis
958 1742 1133 1791 Talysch
1159 1742 1358 1792 (Karell).
1385 1742 1443 1779 Fl.
1468 1753 1573 1779 vere.

151 1806 195 1859 β.
223 1806 586 1862 pulverulentum.
618 1805 806 1849 Breviter
832 1812 873 1849 et
899 1806 1083 1864 crispule
1110 1819 1367 1859 canescens,
1402 1805 1502 1848 solia
1528 1805 1696 1849 minora
1723 1804 1781 1847 si-

94 1871 245 1908 nuato·
228 1864 512 1922 -pinnatiloba
539 1865 600 1907 vel
628 1864 1053 1922 subbipinnatisecta,
1084 1865 1226 1922 sepala
1251 1865 1497 1907 tomentella
1523 1863 1779 1916 submutica,

94 1929 279 1966 rostrum
316 1936 428 1980 saepe
465 1922 651 1966 brevius.
693 1923 789 1967 Ger.
815 1923 1167 1980 pulteruleutum
1191 1922 1302 1965 Desf.
1333 1922 1413 1965 Atl.
1447 1922 1508 1975 ΙΙ,
1547 1936 1588 1979 p.
1620 1922 1691 1965 Ill.
1723 1922 1778 1964 E.

94 1981 329 2024 BoveiDel.
362 1981 453 2024 lnd
485 1981 535 2023 Η.
567 1981 770 2038 Monspel.
802 1980 933 2036 1838,
962 1996 1003 2039 p.
1033 1980 1059 2025 6
1088 1982 1156 2039 (ex
1182 1980 1375 2038 autopsia
1402 1981 1524 2024 herb.
1555 1980 1686 2038 Deli).
1723 1980 1778 2022 E.

93 2040 409 2101 leueophyllum
436 2039 566 2082 Presl
596 2039 686 2082 Bot.
719 2040 914 2083 Bemerk.
945 2054 985 2097 p.
1018 2039 1096 2083 261
1142 2039 1197 2082 Ε.
1227 2039 1522 2096 Pyramidum
1550 2039 1664 2082 Presl
1697 2040 1777 2082 loc.

93 2098 163 2141 cit.
203 2092 269 2153 (ex
305 2097 633 2155 descriptione)
672 2098 725 2141 E.
752 2099 1020 2156 pulchellum
1056 2098 1194 2141 Karel.
1225 2098 1268 2140 in
1296 2097 1452 2141 Ledeb
1493 2097 1779 2150 F1.R0ss.1‚

93 2170 134 2213 p.
166 2155 276 2199 4761

150 2228 250 2267 Hab.
276 2229 313 2265 in
338 2229 515 2266 arenosis
538 2229 681 2268 deserti
707 2229 937 2279 AEgyptiaci
955 2233 992 2268 et
1008 2229 1163 2268 Arabiae
1184 2233 1329 2279 petreae
1348 2227 1540 2285 (Sohimp.
1564 2242 1645 2270 exs.
1667 2228 1776 2270 199!

93 2285 202 2327 557!
237 2281 344 2327 585¹
373 2287 558 2337 Boiss!)‚
584 2288 714 2327 littore
737 2290 918 2327 orientali
943 2290 1061 2327 maris
1095 2289 1226 2338 Caspii
1252 2289 1411 2339 (Karel.
1436 2291 1476 2328 in
1496 2290 1606 2329 herb.
1629 2289 1781 2340 Ledl),

92 2347 229 2385 Persia
250 2348 301 2384 ad
323 2347 506 2386 Teheran
531 2346 547 2397 (
559 2347 637 2396 Ky.
666 2360 748 2387 eXS.
771 2347 830 2388 25
845 2341 879 2399 1)
904 2352 942 2388 et
963 2348 1127 2387 australi
1151 2349 1249 2398 (Bge
1267 2346 1326 2401 1),
1352 2349 1565 2399 Affghania
1587 2348 1703 2402 (Griff
1713 2343 1722 2388 1
1743 2349 1781 2400 ),

91 2406 316 2445 Belutschia
341 2400 542 2458 (Stocksl)
550 2433 559 2443 .

150 2471 309 2520 Species
332 2471 458 2510 forma
479 2476 517 2511 et
540 2473 756 2512 directione
780 2474 962 2512 foliorum
987 2478 1026 2513 et
1048 2474 1134 2512 aliis
1160 2475 1262 2513 notis
1279 2475 1375 2513 mire
1400 2475 1571 2525 varians,
1592 2477 1641 2514 ab
1664 2475 1781 2514 Eto-

92 2531 201 2580 tryde
225 2531 386 2570 floribus
413 2536 449 2569 et
477 2536 605 2570 rostro
632 2533 750 2582 duplo
782 2533 1015 2584 majoribus,
1043 2534 1191 2572 fructus
1230 2535 1425 2572 structura
1460 2546 1616 2583 semper
1639 2535 1782 2573 distin-

93 2591 261 2639 guenda.
284 2589 464 2629 Varietas
486 2590 518 2643 β
554 2591 680 2641 primo
718 2593 857 2630 intuitu
889 2593 1072 2632 distincta
1108 2593 1262 2631 videtur
1290 2594 1359 2631 sed
1384 2594 1518 2632 formis
1543 2594 1783 2633 intermediis

90 2648 244 2699 (Creta,
264 2649 455 2698 Hispania
479 2650 658 2698 interior)
679 2651 730 2689 ad
753 2655 889 2700 typum
913 2653 1065 2690 transit.
1109 2684 1111 2686 .

149 2714 225 2755 Ar.
258 2715 420 2767 Geogr.
455 2718 615 2767 Europa
639 2719 843 2769 australis,
870 2718 1004 2759 Africa
1020 2719 1205 2758 borealis.

151 2890 207 2934 E.
237 2889 594 2940 malacoides
620 2889 682 2948 (L.
714 2889 783 2948 Sp.
814 2889 899 2935 952
926 2890 1004 2934 sub
1034 2890 1234 2957 Geranio)
1263 2892 1455 2935 caulibus
1483 2892 1691 2949 elongatis
1718 2907 1782 2936 ra-

94 2948 224 2992 mosis
251 2949 401 2993 erectis
428 2951 490 2993 vel
518 2949 681 2994 diffusis
707 2950 851 3006 patule
879 2957 919 2993 et
945 2949 1129 2993 molliter
1155 2949 1298 3005 hir-tis,
1327 2950 1644 2995 inflorescentia
1661 2953 1781 3008 glan-
