2021 3235
1014 80 1100 123 224

270 176 450 213 Plantula
471 174 705 223 subacaulis,
724 174 840 213 flores
862 175 917 212 cis
936 175 987 214 M.
1012 174 1209 224 Africanae
1233 175 1393 214 dimidio
1420 177 1603 227 minores,
1631 177 1773 226 siliqua
1797 177 1899 233 1—¹s2

212 235 426 284 pollicaris.
455 235 593 272 Planta
611 232 776 272 Bulbisii
801 233 876 272 huc
901 239 1080 283 spectare
1104 236 1273 285 videtur,
1294 235 1363 274 sed
1382 247 1467 274 cum
1487 237 1684 285 specimen
1709 238 1793 287 ejus
1811 239 1901 277 her-

209 294 308 391 balrii
345 295 490 333 cultum
528 294 643 332 valde
678 293 958 345 incompletum
994 298 1032 333 et
1056 295 1291 334 subdubium
1316 296 1367 333 sit.
1389 307 1529 333 nomen
1554 296 1601 335 cl.
1628 294 1780 345 Meyeri
1805 310 1900 347 prae-

208 358 249 393 tu
268 367 292 392 1.

263 510 334 553 M.
364 509 630 564 strigosa
674 506 824 563 (Boiss.
856 509 966 550 Ann.
998 508 1062 551 Sc.
1102 508 1195 551 Nat.
1232 508 1367 563 1842,
1401 522 1442 565 p.
1481 507 1554 566 70)
1597 510 1695 567 pilis
1723 512 1902 556 ramosis

209 581 457 618 canescens,
488 566 607 609 caule
634 565 905 618 brevissimo,
945 567 1058 610 foliis
1086 567 1542 622 oblongo-lanceolatis
1569 569 1718 613 obtuse
1747 584 1902 627 repan-

209 627 290 680 dis,
319 626 497 669 ssoribus
525 624 762 679 sessilibus,
800 625 950 683 petalis
978 625 1230 677 linearibus,
1267 626 1421 683 siliqua
1448 626 1560 682 pube
1588 627 1705 671 brevi
1737 634 1904 673 ramosa

210 686 396 742 setisque
425 683 560 739 longis
593 682 772 727 bifurcis
807 684 989 740 strigosa
1030 685 1120 728 basi
1161 684 1396 729 incrassata
1440 685 1901 745 tereti-quadrangula,

209 745 405 801 stigmate
433 743 581 787 conico
609 741 775 799 siliquae
802 743 909 786 latit.
940 743 1183 801 aequilongo
1215 750 1282 796 Θ.

269 816 369 853 Hab.
395 815 432 852 in
453 814 588 851 Persia
609 814 659 851 ati
683 813 853 861 Ispahan
877 812 1019 863 (Aueh.
1037 825 1119 852 exs.
1143 811 1323 863 4068!),
1342 813 1528 854 orientali
1549 827 1675 864 prope
1701 816 1905 857 Schahrud

208 879 246 913 et
269 873 483 913 Sertschah
510 870 732 928 (ssunget),
759 872 971 921 Affghania
996 872 1123 924 (Griff.
1147 886 1195 912 ex
1219 872 1363 924 Hook.)
1378 905 1387 913 .
1411 874 1638 914 Belutschia
1661 877 1711 914 ad
1733 876 1906 916 Nichara

212 934 431 985 (Stockst).

272 1002 408 1040 Flores
431 1001 487 1038 eis
519 999 573 1039 M.
607 999 805 1048 Africanae
838 999 1028 1048 minores,
1058 999 1218 1040 habitus
1251 1012 1375 1039 nanus
1408 1002 1669 1049 praecedentis
1704 1003 1774 1040 sed
1811 1003 1906 1043 solia

213 1063 370 1099 diversa
393 1065 432 1099 et
463 1060 604 1109 siliqua
634 1059 836 1107 pollicaris
868 1059 954 1097 basi
988 1060 1220 1098 incrassata.
1247 1060 1305 1099 cl.
1329 1060 1365 1098 J.
1392 1060 1441 1100 D.
1466 1061 1598 1100 Hook.
1626 1062 1762 1101 Journ.
1788 1064 1904 1103 Proc.

212 1122 324 1159 Linn¹
345 1121 435 1159 Soc.
460 1120 507 1165 V,
526 1132 564 1168 p.
591 1117 677 1159 155
703 1119 852 1157 semina
868 1118 918 1156 ad
940 1119 1052 1157 basin
1075 1119 1227 1169 siliquae
1250 1120 1439 1158 biseriata
1463 1122 1557 1161 dicit
1579 1123 1683 1171 quod
1707 1134 1905 1172 nunquam

212 1181 305 1219 vidi.

270 1341 339 1383 M.
370 1339 648 1384 Cabulica
691 1336 842 1394 <Boiss.
875 1335 1024 1393 Diagn.
1057 1335 1148 1379 Ser.
1181 1335 1236 1390 ΙΙ,
1269 1335 1308 1390 .1,
1342 1350 1384 1394 p.
1423 1336 1479 1382 202
1521 1336 1599 1379 sub
1634 1335 1906 1395 Striyosellci)

214 1397 327 1455 pube
354 1397 471 1440 brevi
502 1398 664 1440 furcata
693 1402 733 1439 et
760 1395 860 1438 setis
886 1394 1041 1452 patulis
1068 1394 1272 1451 strigem,
1316 1395 1427 1439 foliis
1462 1394 1656 1451 oblongis
1692 1402 1813 1438 acute
1851 1395 1907 1439 si-

214 1456 572 1508 nuato-dentalis,
602 1455 779 1498 floribus
807 1453 1128 1508 subsessilibus,
1162 1453 1313 1510 petalis
1340 1455 1568 1511 purpureis
1595 1468 1739 1510 ungue
1766 1468 1907 1498 exser-

217 1516 269 1559 tis
305 1515 348 1558 in
391 1515 591 1558 laminam
634 1514 858 1557 obovatam
899 1512 1105 1564 dilatatis,
1150 1511 1314 1569 siliquis
1342 1513 1545 1557 teretibus
1571 1513 1909 1557 lineari-conicis

216 1574 311 1631 pilis
338 1573 476 1630 longis
503 1572 712 1629 strigosis‚
742 1572 849 1629 stylo
875 1571 1025 1628 glabro
1050 1570 1204 1615 lineari
1230 1571 1367 1626 brevi,
1395 1572 1603 1630 stigmatis
1630 1571 1738 1615 lobis
1765 1572 1908 1615 conni-

216 1632 432 1686 ventibus,
462 1631 697 1675 seminibus
723 1629 937 1674 biseriatis
968 1635 1034 1683 Q).
1065 1630 1321 1687 Striyosella
1338 1629 1547 1678 Cabulica
1574 1630 1707 1674 Boiss.
1728 1631 1809 1674 loc.
1831 1630 1902 1674 cit.

216 1692 274 1735 M.
309 1690 516 1735 Cabuliea
543 1691 680 1734 Hook.
711 1697 753 1733 et
778 1689 856 1733 Th.
886 1690 966 1734 loc.
997 1689 1067 1733 cit.
1097 1702 1140 1747 p.
1171 1687 1272 1733 156.

276 1762 375 1800 Hab.
399 1762 438 1799 in
464 1761 676 1811 Affghania
695 1771 820 1810 prope
842 1759 1017 1799 Pusehut
1039 1759 1161 1812 (Griff
1172 1754 1218 1814 i).

276 1829 410 1866 Herba
437 1828 687 1873 decumbens,
710 1826 843 1875 petala
873 1824 902 1865 4
926 1827 994 1867 lin.
1016 1827 1148 1877 longa,
1172 1824 1314 1876 siliqua
1334 1824 1411 1867 46
1438 1825 1562 1864 lineas
1587 1826 1718 1876 longa.
1745 1826 1908 1865 Semini-

216 1890 288 1928 bus
309 1888 504 1927 biseriatis
529 1900 552 1925 a
576 1888 728 1926 caeteris
744 1885 965 1926 Maleomiis
988 1886 1197 1928 discedens
1221 1886 1292 1925 sed
1314 1887 1413 1925 adeo
1436 1886 1574 1924 similis
1597 1885 1648 1924 M.
1674 1887 1848 1936 strigo-sce
1868 1890 1909 1924 ut

215 1948 398 1998 generice
424 1947 577 1997 sejungi
602 1951 782 1996 nequeat.

273 2099 342 2141 M.
361 2096 863 2153 contortuplicata
891 2094 1053 2151 (Steph.
1076 2092 1127 2139 ‚in
1154 2092 1298 2137 Willd.
1324 2092 1401 2146 IH,
1420 2105 1460 2149 p.
1484 2091 1562 2135 521
1597 2091 1676 2135 sub
1698 2091 1907 2137 Chairem-

217 2156 303 2213 tho)
332 2156 429 2213 pilis
458 2154 723 2213 simplicibus
750 2161 791 2198 et
816 2152 992 2197 furcatis
1019 2152 1250 2210 hispidula,
1280 2150 1391 2195 foliis
1418 2150 1615 2207 oblongis
1642 2150 1908 2208 pinnatifidis

213 2216 276 2258 vel
304 2214 488 2258 dentatis
515 2213 812 2271 superioribus
838 2211 1035 2269 integris,
1063 2209 1272 2269 pedicello
1299 2211 1441 2276 calyce
1469 2208 1755 2265 sub'longiori,
1789 2216 1908 2267 peta-

213 2274 264 2317 lis
292 2273 481 2317 obovatis
509 2272 645 2316 roseis
672 2273 814 2330 calyce
840 2271 969 2329 duplo
995 2269 1281 2327 longioribus,
1320 2268 1485 2326 siliquis
1511 2268 1737 2325 hispidulis
1762 2267 1909 2312 tereti-

214 2332 293 2376 bus
323 2331 521 2376 torulosis
548 2331 675 2375 rectis
699 2331 765 2374 vel
791 2328 1177 2387 contortuplicatis,
1205 2327 1402 2385 stigmate
1426 2326 1564 2371 sessili
1582 2327 1752 2381 obtuso,
1780 2326 1908 2370 valvis

215 2390 514 2448 subseptulatis
551 2396 617 2442 Θ.
662 2388 1236 2446 Hesperiseontortuplicata
1263 2386 1349 2430 ΜΒ.
1371 2386 1498 2430 Taur.
1520 2385 1645 2429 Cauc.
1668 2386 1722 2440 II,
1741 2400 1782 2443 p.
1805 2384 1905 2428 124.

214 2449 300 2493 Sis.
330 2449 736 2506 contortuplicatum
763 2460 830 2492 nc.
862 2447 970 2506 Syst.
1001 2446 1056 2500 ΙΙ,
1085 2460 1126 2504 p.
1157 2444 1258 2490 483.
1293 2445 1451 2489 Deless.
1483 2444 1540 2488 Ic.
1571 2444 1657 2488 tab.
1690 2444 1746 2488 63
1773 2445 1816 2487 B.

268 2522 370 2560 Hab.
396 2523 434 2559 in
455 2520 774 2560 Transcaucasia
796 2520 902 2558 cirea
923 2519 1036 2558 Baku
1065 2514 1279 2575 (G.A.M1),
1305 2515 1578 2565 Elisabethpol
1605 2516 1813 2567 (Hohenl).

270 2589 430 2639 Siliquae
452 2589 675 2638 pollicares.

268 2655 344 2696 Ar.
378 2656 543 2707 Geogr.
575 2656 718 2695 Rossia
743 2655 943 2694 orientalis
969 2655 1199 2705 australior‚
1225 2654 1383 2694 deserta
1405 2652 1564 2701 Caspia.

268 2814 337 2856 M.
357 2810 723 2862 Ledebourii‚
753 2809 866 2866 pube
893 2809 1058 2852 furcata
1084 2807 1317 2865 hispidula‚
1345 2807 1457 2851 foliis
1474 2814 1652 2864 anguste
1668 2806 1908 2850 linearibus

212 2871 256 2914 in
282 2869 457 2914 lacinias
484 2868 634 2912 breves
661 2867 814 2911 bifidas
848 2865 1437 2924 runcinam-pinnatipartitis
1474 2864 1769 2923 superioribus
1804 2864 1906 2909 sub-

2020 492 2021 525 ᾼᾼ
2019 451 2021 482 m.
2018 378 2021 442 ..ffi
2008 0 2021 368 :nalum-:m
