2021 3235
993 115 1080 160 664

194 207 447 264 pedunculis
488 207 705 251 defloratis
745 207 994 250 nutantibus
1035 206 1264 250 fructiferis
1304 206 1488 257 erectis,
1532 207 1685 264 sepalis
1724 207 1886 251 obtusis

195 266 378 322 capsulae
407 266 619 321 adpiessis
670 274 730 314 24.
776 265 822 309 S.
851 266 1050 309 saxatilis
1085 265 1261 308 Wimm
1297 264 1367 307 Sil.
1487 264 1555 308 76.
1590 265 1887 322 —Speryula

193 325 435 381 sayinoz'dcs
462 324 507 366 L.
539 324 608 381 Sp.
639 323 739 368 631.
769 351 827 355 -—
858 324 1079 381 Speryella
1103 323 1343 380 sayz'noides
1370 323 1504 366 Rchb.
1534 324 1605 380 fig.
1636 323 1766 367 4962.

251 397 351 433 Hab.
379 397 416 433 in
442 396 615 434 herbidis
641 397 782 445 alpinis
805 397 946 435 montis
971 396 1157 434 Peristeri
1185 395 1426 434 Macedoniae
1462 393 1648 448 (Griseb.
1667 395 1710 447 ),
1742 396 1887 444 alpium

192 456 358 494 Caucasi
383 455 448 505 (ex
473 451 597 511 MR).

252 523 387 560 Petala
411 527 527 560 ovata
566 524 701 571 calyce
738 523 998 560 subbreviora
1035 525 1073 559 et
1110 522 1272 569 capsula
1313 522 1450 569 calyce
1491 521 1695 560 manifeste
1736 521 1888 569 longior

191 583 328 631 quibus
353 582 457 619 notis
484 585 624 630 praeter
649 582 930 630 pentameriam
964 594 986 619 a
1010 580 1051 619 S.
1071 581 1343 631 procumbenti
1366 581 1465 618 facie
1490 581 1597 618 affini
1623 581 1886 629 distinguitur.

248 648 323 687 Ar.
357 654 518 700 Geogr.
552 649 674 698 Alpes
698 650 876 698 Europae.
902 649 1067 698 Sibiriae,
1095 649 1288 687 Americae
1311 648 1498 687 borealis.

190 818 346 861 Sunia.
381 819 431 861 ll.
463 817 842 862 EUALSINEAE.
874 817 1000 860 Fenzl
1028 818 1107 860 loc.
1139 818 1208 860 cit.
1241 817 1340 861 964.
1375 843 1432 847 -
1460 816 1577 873 scyti
1602 817 1687 860 2-3
1723 815 1886 873 (raris-

545 878 650 919 sime
689 876 789 918 4-5
818 876 881 918 vel
908 876 1027 933 6-7)
1054 876 1211 932 sepalis
1243 876 1432 919 externis
1460 875 1657 932 oppositi.
1693 873 1890 931 Capsuloe

542 936 674 978 valvae
699 935 781 978 2-5’
806 935 961 991 sepalz's
987 936 1179 989 alterum,
1209 936 1272 978 vel
1298 949 1395 977 cum
1420 935 1571 977 iisdem
1590 947 1768 977 numero
1782 948 1888 990 pau-

545 995 675 1037 ciores
701 997 803 1036 sum
827 994 983 1050 sepctlis
1010 994 1289 1037 interioribus
1312 994 1524 1051 oppositae.

566 1168 817 1217 BUFFONIA
847 1168 986 1229 (Sauv.
1020 1168 1060 1215 in
1096 1167 1209 1216 Linn.
1247 1168 1343 1216 Gen.
1380 1168 1495 1229 168).

252 1316 370 1373 Calyx
399 1315 611 1359 scariosus
640 1315 794 1372 sepalis
821 1314 848 1356 4
871 1314 1218 1358 membranaceo·
1204 1315 1487 1381 7marginatis.
1520 1314 1705 1358 petala-4
1723 1314 1888 1370 integra

194 1376 256 1417 vel
284 1374 516 1417 bidentata
555 1374 745 1417 Stamina
777 1373 804 1415 4
837 1374 899 1416 vel
927 1373 953 1416 8
988 1373 1105 1417 disco
1133 1374 1337 1431 peligyno
1365 1374 1581 1417 interdum
1607 1372 1889 1429 glandulifeio

194 1433 368 1476 insclta.
407 1433 504 1490 Styli
540 1433 646 1475 hini.
691 1432 889 1475 Ovarium
925 1432 978 1475 2-
989 1432 1044 1475 4-
1055 1432 1109 1476 10
1142 1434 1373 1476 ovulatum.
1418 1433 1596 1490 Capsula
1607 1407 1890 1475 Blenticulari-

194 1505 439 1548 compressa
467 1493 517 1534 ad
547 1492 666 1535 basin
697 1491 886 1534 hivalvis.
917 1491 1087 1535 Semina
1115 1491 1270 1548 saepius
1287 1491 1388 1535 bina
1405 1491 1607 1535 basilaria
1624 1489 1892 1547 hippocicpi-

193 1550 408 1594 diformia.
428 1577 486 1581 —-
504 1550 656 1593 Herhae
675 1564 828 1593 annuae
852 1551 915 1593 vel
943 1564 1155 1607 perennes
1182 1550 1273 1593 basi
1301 1550 1518 1594 interdum
1545 1550 1891 1593 suffrutescentes

196 1610 301 1653 facie
327 1610 456 1652 Junci
484 1610 668 1666 bufoniz',
697 1608 807 1652 foliis
835 1609 1042 1653 subulatis
1069 1609 1160 1652 basi
1179 1609 1351 1653 dilatata
1369 1609 1562 1653 connatis
1581 1622 1700 1652 ramo
1719 1608 1894 1665 adpres-

196 1668 271 1721 sis,
300 1668 478 1712 floribus
506 1667 873 1726 cymoso-spicaiis
900 1669 962 1711 vel
991 1667 1260 1725 paniculatis.

376 1828 400 1851 ÷÷
433 1830 594 1868 Annuae.
621 1829 807 1868 Ovarium
831 1831 1085 1869 biovulatum.
1121 1831 1259 1869 Petala
1289 1831 1716 1880 oblongo-lanceolata.

867 1954 898 2006 †
931 1954 1107 1993 Stamina
1131 1954 1224 1996 5-4.

257 2087 314 2129 B.
334 2097 781 2141 macrosperma
809 2085 862 2141 (J.
894 2085 1013 2143 Gay
1004 2100 1048 2128 1n
1075 2086 1203 2130 Glen
1236 2093 1276 2129 et
1301 2086 1430 2130 G0d1
1458 2084 1893 2142 F1.Fr.1‚p248)

200 2143 392 2187 caulibus
420 2143 682 2187 divaricatim
703 2144 880 2186 ramosis
928 2144 1244 2188 inssorescentia
1261 2159 1449 2203 cymoso-
1435 2159 1688 2198 -racemosa‚
1716 2100 1896 2187 floribus

202 2202 462 2259 pedicellalis
496 2202 712 2267 pedicellis
746 2202 931 2257 scabris,
982 2203 1134 2260 sepalis
1173 2204 1418 2247 lanceolatis
1460 2180 1712 2247 acuminatis
1753 2203 1896 2246 nervis

201 2261 391 2318 quinque
419 2261 506 2303 fere
535 2261 584 2303 ad
614 2274 776 2317 apicem
804 2275 940 2319 usque
968 2261 1081 2305 inter
1098 2277 1141 2306 se
1160 2262 1387 2316 distinctis,
1416 2262 1565 2320 petalis
1583 2263 1720 2320 calyce
1738 2261 1893 2305 triente

201 2319 488 2373 brevioribus,
519 2319 773 2362 staminibus
800 2319 827 2362 4
853 2321 992 2378 calyce
1018 2322 1257 2378 quadruplo
1284 2321 1580 2374 brevioribus,
1610 2321 1724 2378 stylis
1752 2320 1896 2364 ovario

202 2378 493 2430 brevioribus,
530 2378 765 2421 seminibus
798 2379 904 2422 facie
939 2386 978 2422 et
1011 2380 1138 2423 doiso
1173 2381 1290 2423 valde
1321 2358 1601 2424 tuberculatis
1638 2386 1704 2431 Θ.
1748 2378 1892 2422 Willk.

203 2437 318 2480 lcon.
351 2437 432 2479 tab.
468 2413 522 2479 7³2
549 2437 620 2493 fig.
651 2436 692 2479 C.
726 2437 778 2480 B.
811 2437 1039 2494 tenuifolia
1066 2438 1198 2482 Rchh.
1230 2438 1302 2495 fig.
1333 2437 1448 2482 4899
1476 2452 1563 2482 non
1581 2439 1626 2481 L*
1667 2438 1720 2481 Β.
1746 2451 1896 2481 annua

202 2508 269 2539 Dc.
301 2495 360 2538 Fl.
394 2495 463 2538 Fr.
495 2510 543 2538 ex
570 2502 705 2552 parte.

259 2567 359 2605 Hab
387 2567 424 2604 in
447 2567 636 2616 lapidosis
663 2570 700 2605 et
724 2568 916 2616 glareosis
942 2568 1158 2616 praesertim
1192 2569 1414 2618 montanis,
1454 2568 1641 2607 Graecia
1630 2580 1670 2606 m
1700 2568 1894 2606 Parnasso

201 2625 390 2679 (Heldr!),
416 2627 452 2664 in
479 2630 607 2665 m01ste
633 2626 796 2665 Veluchi
822 2627 980 2666 OEtoliae
1005 2627 1160 2675 (Samar
1176 2626 1217 2680 1),
1243 2628 1390 2666 Tauria
1405 2599 1546 2682 y(herb.
1570 2626 1728 2667 Fauche
1746 2626 1792 2674 !),
1814 2626 1896 2665 An-

199 2687 385 2724 tilibanus
411 2686 460 2723 ad
485 2686 639 2723 Dimam
665 2690 703 2724 et
724 2686 900 2725 Balbeck
925 2686 986 2737 (Bl
1004 2679 1032 2739 l)
1060 2687 1119 2725 Fl.
1152 2687 1242 2725 Mai.
1270 2688 1358 2726 Jun.

257 2753 289 2791 A
317 2753 359 2791 B.
388 2753 592 2801 ίεητιὶῙοίῑιὶ
623 2756 765 2802 praeter
799 2756 911 2791 notas
948 2753 1142 2792 indicatas
1175 2755 1388 2793 seminibus
1427 2755 1545 2803 duplo
1582 2754 1796 2804 maioribus
1820 2753 1894 2791 dis-

197 2814 330 2851 tincta.

257 2869 333 2910 Ar.
369 2869 530 2921 Geogr.
556 2871 718 2920 Europa
739 2872 868 2910 media
893 2875 931 2910 et
953 2873 1148 2911 australis.
