2021 3235
956 72 1035 118 951

216 170 318 211 Hab.
345 172 383 209 in
409 172 603 210 montanis
629 171 754 209 Cretae
776 168 842 210 alt.
871 168 986 210 1000
1006 173 1013 187 ‘
1030 192 1040 197 —
1055 166 1196 210 5000’
1223 169 1406 218 frequens
1428 167 1640 220 (Tournef.
1664 168 1786 206 Heldr
1801 166 1846 221 !>‚

158 237 368 277 insularum
390 238 535 287 Scyros
560 239 655 289 (Urv
671 233 718 288 l),
743 238 861 276 Chios
889 237 1070 287 (Orphl),
1095 237 1233 275 Naxos
1255 237 1376 284 (Bory
1392 235 1430 287 !).
1453 237 1513 275 Fl.
1537 236 1633 284 Apr.

213 302 259 355 β.
289 301 602 357 obtusifolium.
635 301 751 344 Folia
778 300 868 344 basi
899 307 1090 344 truncata
1119 290 1367 343 brevissime
1390 299 1668 342 trilobalobis
1687 297 1850 341 obtusis

157 359 221 401 vel
249 359 401 403 retusis
437 359 615 415 integris
642 360 703 402 vel
744 358 1164 416 repando-dentatis.
1210 358 1263 400 A.
1293 357 1590 414 obtusisolium
1615 357 1750 401 Sibth.
1783 355 1843 398 Fl.

156 416 290 461 Graec.
324 418 408 461 tab.
440 417 519 461 361
554 417 717 476 (petioli
744 416 872 460 nimis
898 417 1051 475 longi).

213 489 314 528 Hab.
342 489 379 527 in
406 487 602 527 montibus
627 488 887 537 Sphacioticis
911 487 1036 526 Oretae
1059 487 1203 537 (Sibth.
1229 487 1329 525 Raul
1351 486 1392 536 !).

215 557 340 603 Hujus
363 556 495 594 formae
518 557 612 595 folia
630 557 790 606 juniora
814 556 1131 604 ovato-oblonga
1156 555 1295 593 obtusa
1313 554 1398 592 basi
1422 554 1660 592 subcordata
1683 556 1781 591 sunt.

215 642 256 679 y.
285 626 513 664 cuneatum
538 619 690 677 Spach.
729 620 844 663 Folia
870 619 960 663 basi
994 620 1088 675 plus
1114 618 1256 662 minus
1283 617 1504 661 manifeste
1537 623 1713 660 cuneata
1741 617 1844 660 obo—

157 686 247 723 vata
275 679 424 722 obtuse
451 686 491 722 et
516 679 702 722 breviter
730 678 925 722 trilobata
950 678 1060 721 lobis
1092 677 1246 734 saepius
1282 676 1444 720 obtusis
1480 675 1658 731 integris
1684 676 1747 718 vel
1777 689 1843 718 re-

155 737 320 795 pandis.
350 737 403 780 A.
433 737 775 795 heterophyllum
801 736 945 781 Willd.
977 737 1129 780 Arbor.
1162 735 1230 789 lv,
1254 735 1341 779 tab.
1374 734 1407 789 l,
1438 735 1508 792 fig.
1543 734 1573 777 1.

213 808 313 847 Hab.
338 808 376 846 in
402 809 561 858 regione
585 808 759 846 inferiori
786 808 988 846 Messeniae
1008 809 1047 845 in
1073 813 1202 846 monte
1226 807 1377 846 Ithome
1409 799 1627 857 (Heldrl),
1659 805 1839 845 Arcadiae

155 867 205 905 ad
229 867 424 906 Leondari
451 865 638 919 (Guicc!)‚
667 867 850 906 Laconiae
872 868 910 906 in
936 870 1065 905 monte
1090 867 1243 905 Malevo
1273 864 1410 918 (Orph.
1435 866 1493 904 Fl.
1521 865 1588 904 Gr.
1611 877 1695 905 exe.
1724 863 1836 915 511).

214 934 327 973 Folia
344 934 504 984 juniora
524 935 640 984 hujus
664 934 799 973 formae
823 938 938 973 ovata
962 935 1024 972 vel
1051 934 1410 972 ovato-lanceolata
1432 938 1532 971 sunt.

483 1093 510 1140 †
539 1091 570 1143 †
601 1092 774 1131 Petiolus
797 1092 950 1129 laminae
973 1092 1215 1140 aequilongus
1238 1091 1300 1129 vel
1324 1092 1492 1140 longior.

199 1218 260 1261 A.
296 1219 860 1274 Monspessulanum
895 1219 959 1275 (L.
996 1219 1064 1276 Sp.
1105 1218 1237 1276 1497)
1266 1218 1375 1262 foliis
1397 1217 1644 1276 junioribus
1677 1216 1833 1274 pagina

141 1275 332 1319 inferiori
361 1276 484 1319 hirtis
511 1291 640 1335 supra
667 1277 817 1321 lucidis
844 1278 992 1321 subtus
1019 1278 1180 1333 glaucis
1207 1277 1411 1321 coriaceis
1438 1292 1461 1321 a
1486 1276 1578 1320 basi
1606 1276 1832 1319 rotundata

140 1335 202 1376 vel
240 1334 495 1377 snbcordata
527 1336 744 1393 palmatim
780 1336 943 1383 trilobis
976 1336 1084 1379 iobis
1112 1336 1305 1393 oblongis
1341 1335 1504 1380 obtusis
1532 1334 1671 1379 rarius
1698 1334 1831 1378 acutis

141 1392 315 1450 integris
340 1394 405 1436 vel
432 1395 648 1450 repandis,
678 1395 892 1452 corymbis
918 1394 1219 1438 subsessilibus
1245 1394 1510 1448 nutantibus,
1540 1393 1693 1451 sepalis
1719 1400 1831 1450 peta-

140 1450 275 1508 lisque
305 1453 640 1508 ovato-oblongis
673 1453 1025 1510 subaequssongss,
1062 1453 1207 1497 ovario
1239 1453 1368 1506 hirto,
1401 1454 1566 1496 fructus
1582 1452 1657 1496 alis
1676 1452 1829 1496 erectis

139 1509 547 1611 vellil4i'x7sergentibus
572 1519 611 1564 ὅ.
645 1512 776 1554 Rchb.
809 1512 836 1554 f.
867 1511 997 1556 4826.
1028 1512 1079 1555 A.
1110 1511 1320 1555 Ibericum
1346 1512 1430 1555 ΜΒ.
1460 1511 1585 1555 Taur.
1615 1511 1740 1555 Cauc.
1771 1511 1824 1563 II,

199 1640 298 1679 Hab.
321 1641 359 1678 in
383 1641 585 1689 sylvaticis
606 1643 779 1690 regionis
801 1643 1134 1691 sempervirentiS,
1161 1642 1370 1680 Thessalia
1394 1643 1429 1680 in
1459 1641 1626 1690 Olympo
1644 1640 1824 1691 (Orph!)‚

137 1698 369 1738 Macedonia
392 1700 430 1737 in
450 1701 657 1748 peninsula
679 1701 809 1739 Athoa
844 1699 1061 1754 (Griseb.),
1086 1702 1272 1739 Anatolia
1293 1702 1331 1739 in
1359 1702 1493 1750 Sypilo
1521 1713 1640 1748 supra
1662 1699 1822 1750 Magne-

137 1759 233 1796 siam
261 1756 441 1811 (Boiss!)‚
469 1761 519 1798 ad
544 1761 662 1809 Pylas
687 1760 868 1798 Cilicicas
895 1759 972 1812 (Ky
996 1772 1077 1798 exs.
1097 1758 1204 1799 2791
1234 1761 1305 1799 sub
1337 1760 1382 1799 A.
1411 1759 1593 1811 Cretico),
1618 1761 1654 1797 in
1680 1760 1823 1799 Catao-

137 1818 210 1856 niae
233 1823 361 1857 monte
397 1819 584 1868 Soffdagh
611 1821 677 1858 alt.
703 1818 846 1860 5000’
874 1827 912 1857 et
945 1821 982 1857 in
1015 1821 1207 1859 montibus
1233 1820 1357 1869 Syriae
1379 1821 1551 1859 borealis
1576 1815 1773 1874 (Hausskl
1790 1814 1820 1874 )‚

137 1877 176 1914 in
198 1878 366 1916 excelsis
380 1878 520 1916 Libani
539 1891 658 1928 supra
673 1880 876 1928 Yamouny
895 1878 953 1930 (Bi
972 1875 1016 1932 1),
1034 1879 1158 1917 Ponto
1178 1892 1302 1929 prope
1314 1880 1602 1929 Trapezuntem
1620 1878 1764 1932 (Bourg
1779 1879 1821 1929 ἓ),

135 1936 265 1975 Iberia
286 1937 502 1976 Caucasias
527 1943 565 1976 et
588 1951 700 1986 prov,
726 1939 901 1988 Talysch
925 1932 1102 1988 (O.A.M!
1131 1937 1314 1988 Hohenl)
1340 1940 1483 1978 Persiae
1499 1941 1583 1978 bor.
1607 1939 1821 1988 provinciis

141 1994 283 2033 Ghilan
308 2000 346 2034 et
369 1997 589 2035 Asterabad
617 1998 758 2047 (Auch.
786 2009 868 2036 exs.
893 1996 1012 2039 4294
1033 1996 1090 2036 A!
1117 1998 1251 2046 Bunge
1267 1994 1275 2036 !
1292 1999 1320 2049 ).
1348 1998 1408 2037 Fl.
1432 1998 1648 2048 Apr.-Mai.

194 2063 306 2102 Folia
331 2064 395 2103 diu
432 2065 681 2112 persistentia
703 2067 771 2104 sed
796 2078 871 2104 non
898 2072 940 2104 ut
964 2067 1002 2103 in
1036 2067 1082 2104 A.
1113 2064 1262 2105 Cretico
1291 2066 1432 2115 hyeme
1454 2055 1733 2115 perenuantia,
1759 2078 1817 2103 sa-

135 2133 252 2160 marae
278 2135 460 2162 minores.
1138 2173 1146 2178 ι

191 2187 236 2241 β.
268 2187 616 2244 microphyllum.
649 2189 765 2232 Folia
792 2189 958 2232 minora
986 2188 1095 2232 9-102.
1121 2189 1254 2233 lineas
1280 2190 1405 2246 longa
1433 2197 1473 2233 et
1498 2191 1595 2233 lata.

192 2256 278 2293 Hab
304 2257 341 2293 in
363 2259 553 2296 montosis
577 2258 734 2296 Achaiae
754 2259 803 2296 ad
818 2259 1095 2307 Megaspilaeon
1117 2259 1259 2305 (Heldr
1273 2253 1317 2307 l),
1336 2259 1458 2308 Syriae
1472 2261 1509 2298 in
1529 2259 1818 2299 declivitatibus

134 2315 354 2354 borealibus
395 2320 434 2354 et
470 2318 777 2356 occidentalibus
812 2318 1017 2356 Hermonis
1055 2314 1215 2373 (Boissl
1249 2311 1374 2357 Gaill!
1410 2320 1475 2368 Ky
1509 2331 1590 2357 exs.
1615 2316 1752 2371 2401),
1780 2319 1817 2356 in

132 2373 283 2413 Libano
308 2376 406 2413 inter
431 2376 568 2414 Ainete
593 2381 630 2414 et
658 2377 751 2415 Deir
776 2378 811 2415 el
835 2377 1004 2416 Achmar
1027 2376 1205 2429 (Boiss!).

191 2440 335 2479 Forma
358 2442 422 2480 diu
441 2441 485 2479 A.
513 2442 661 2481 Cretico
682 2444 936 2481 adnumerata
961 2445 1030 2482 sed
1056 2445 1214 2492 petiolis
1240 2445 1368 2493 longis
1393 2445 1564 2486 diversa.

165 2602 251 2666 A.
279 2603 526 2649 Amaliae
554 2604 702 2661 (Orph.
734 2605 777 2647 in
805 2605 935 2648 Boiss.
969 2605 1116 2662 Diagn.
1149 2605 1240 2649 Ser.
1270 2606 1324 2660 Il,
1355 2607 1389 2661 Ι,
1418 2621 1459 2664 p.
1493 2606 1594 2664 109)
1623 2607 1732 2650 foliis
1755 2608 1821 2665 ju-

133 2659 325 2724 moribus
361 2661 529 2705 hirtulis
565 2663 769 2706 coriaceis
806 2677 934 2720 supra
961 2664 1103 2721 opacis
1133 2665 1280 2707 subtus
1308 2665 1469 2721 glaucis
1496 2665 1636 2722 parvis
1662 2665 1819 2723 petiolo

134 2731 201 2783 eis.
221 2719 543 2776 subaequilongo
572 2721 752 2765 suffultis
779 2736 802 2765 a
828 2722 919 2765 basi
947 2726 1138 2766 truncata
1172 2724 1235 2765 vel
1268 2723 1524 2767 subcordata
1550 2723 1603 2767 tri
1630 2725 1693 2767 vel
1720 2725 1821 2767 sub-

133 2778 431 2840 quinquelobis
466 2779 571 2822 lobis
604 2780 848 2823 lateralibus
886 2780 1061 2824 minutis
1089 2781 1354 2825 intermediis
1381 2782 1518 2825 tribus
1544 2796 1691 2839 grosse
1718 2783 1821 2826 den-

135 2840 229 2877 tatls
256 2836 449 2892 oblongis
491 2838 624 2881 acutis
657 2840 720 2881 vel
763 2839 1223 2892 truncato-trilobatis,
1268 2841 1481 2898 corymbis
1523 2840 1824 2885 subsessilibus
