2021 3235
991 148 1076 193 420

241 240 287 293 β.
331 238 597 294 slavislorum
625 206 693 282 Dc.
727 239 872 283 Flores
898 239 1010 283 ssavi.
1056 238 1110 283 GL
1150 253 1332 282 aureum
1363 238 1406 282 C.
1452 239 1568 283 Koch
1604 239 1726 283 Linn.
1764 240 1871 294 XIX,

184 311 224 353 p.
257 293 312 339 49
340 310 390 339 ex
416 296 616 354 descript.

242 368 342 406 Hab.
367 368 407 405 in
431 367 527 405 Asia
553 369 691 406 minori
716 369 821 407 circa
843 368 1003 407 Koniah
1021 365 1185 422 (Heldr!
1208 364 1248 420 ),
1275 367 1423 405 Tauria
1449 363 1594 422 (ΜΒΝ)

240 454 282 494 y.
312 432 509 474 rubram.
542 431 684 475 Flores
710 432 1099 475 aurantiaco-rubri
1128 431 1219 474 basi
1249 430 1466 483 maculati,
1496 431 1661 489 siliquae
1681 432 1872 488 glabres-

186 498 345 534 centes.
380 489 448 533 Gl.
485 491 671 534 rubrum
699 490 758 533 Fl.
789 490 922 534 Graec.
954 491 1040 533 tab.
1070 489 1171 534 488.

243 562 344 600 Hab.
367 562 405 599 in
430 561 494 598 via
524 562 626 599 inter
659 561 863 609 Smyrnam
900 565 938 598 et
971 562 1134 599 Bursam
1166 563 1204 598 et
1237 561 1276 597 in
1300 559 1427 597 insula
1451 560 1591 598 Rhodo
1617 557 1807 614 (Simu),
1836 561 1875 598 in

187 621 339 659 Graecia
362 621 410 659 ad
434 620 653 658 Messanam
671 616 919 673 (Despreaux
934 613 961 671 1)
988 624 1026 658 et
1049 620 1099 657 ad
1121 617 1275 658 radices
1297 619 1470 667 Hymet-ti
1497 616 1640 673 (Heldr
1655 616 1703 673 l),
1727 620 1877 658 Tauria

187 684 226 719 et
256 680 431 718 Caucaso
454 676 592 732 (MR).

246 744 286 788 ὃ.
319 743 491 786 tricolor
516 741 674 784 Ledeb.
705 740 766 783 Fl.
805 741 923 783 Ross.
963 742 997 792 l,
1034 755 1075 797 p.
1120 739 1191 783 93.
1224 740 1365 783 Petala
1397 740 1645 784 aurantiaca
1671 740 1762 784 basi
1791 755 1876 784 ma-

188 803 283 845 cula
313 800 674 857 albo-marginata
699 799 851 843 obsita.
891 798 940 842 G.
971 799 1144 842 tricolor
1165 799 1321 841 Bernh.

246 873 347 910 Hab.
371 873 409 909 in
434 871 620 909 Armenia
644 871 810 908 Rossica
835 866 897 923 (O.
919 866 1068 923 Koch).

248 938 324 979 Ar.
359 938 521 988 Geogr.
553 939 713 986 Europa
737 939 865 976 media
888 941 926 976 et
946 937 1151 988 australis,
1179 936 1315 976 Africa
1345 937 1527 976 borealis.

250 1102 310 1145 G.
341 1101 661 1144 Arabicum
689 1099 882 1155 (Fresen.
904 1097 1009 1139 Mus.
1032 1095 1244 1139 Senkenb.
1275 1110 1316 1153 p.
1339 1095 1439 1149 174,
1460 1096 1545 1139 tab.
1568 1094 1641 1152 10)
1660 1097 1877 1151 glaucum,

191 1159 302 1203 101115
330 1158 587 1202 radicalibus
615 1155 1104 1215 lyratoffpinna[,iparlitis
1131 1155 1362 1211 segmentis
1389 1154 1521 1197 ovatis
1548 1154 1710 1197 obtusis
1738 1169 1880 1212 aequa-

190 1218 288 1261 liter
313 1217 518 1270 dentatis,
548 1215 844 1272 superioribus
881 1213 1260 1270 amplexicaulibus
1287 1212 1365 1257 3-5
1391 1213 1500 1256 lobis
1543 1212 1771 1266 truncatis,
1814 1228 1880 1256 sc-

191 1277 298 1334 palis
334 1274 717 1333 papilloso-hirlis,
752 1273 902 1330 petalis
943 1272 1086 1325 ssavis,
1125 1271 1292 1330 siliquis
1334 1272 1461 1315 rectis
1503 1271 1603 1315 setis
1646 1270 1879 1316 rarissimis

193 1334 407 1392 adpressis
443 1333 534 1377 basi
576 1332 759 1376 dilatatis
795 1331 944 1375 obsitis
976 1332 1040 1374 vel
1075 1330 1306 1387 glabratis,
1345 1330 1582 1374 seminibus
1624 1332 1883 1374 ovato-reni-

194 1393 403 1437 formibus
430 1394 500 1449 (23.

252 1465 415 1577 Hab.)in
438 1463 627 1512 lapidosis
649 1462 822 1512 regionis
847 1461 1042 1501 Sinaiticae
1066 1458 1276 1514 (Ruppelu
1304 1453 1435 1499 Bove!
1464 1459 1635 1508 Schimp.
1661 1471 1742 1498 exs.
1769 1458 1878 1500 154!

194 1525 310 1563 Boiss
327 1552 336 1561 .
374 1554 382 1562 .
408 1524 467 1561 Fl.
493 1534 597 1560 vere.

257 1590 398 1629 Gaulos
422 1590 587 1628 humiles
613 1588 811 1635 simplices
834 1589 897 1627 vel
922 1600 1039 1637 parce
1064 1588 1233 1638 ramosi3
1258 1586 1353 1624 folia
1377 1585 1564 1625 radicalia
1590 1582 1782 1639 1¹s2-2¹)2
1801 1588 1883 1635 pol-

196 1650 354 1699 licaria,
379 1650 496 1688 flores
536 1649 614 1687 illis
642 1646 688 1687 G.
719 1649 815 1687 lutei
849 1648 1009 1686 dimidio
1047 1648 1229 1685 minores.
1265 1645 1423 1695 Siliquae
1463 1645 1634 1694 majores
1668 1643 1698 1684 4
1722 1646 1888 1694 pollices

197 1710 335 1759 longae.

257 1870 317 1914 G.
349 1869 860 1924 fimbrilliqerum,
888 1867 1177 1924 glabrescens,
1208 1866 1320 1909 foliis
1348 1865 1606 1909 radicalibus
1633 1866 1887 1924 lyrato-pin-

197 1927 454 1985 natiparlilis
481 1926 591 1969 lobis
618 1926 751 1969 ovatis
777 1940 924 1982 grosse
951 1925 1134 1969 dentatis
1170 1924 1383 1982 superiori
1419 1924 1731 1981 subquadraw,
1762 1939 1887 1982 supe-

197 1987 385 2030 rioribus
416 1984 999 2041 cordato-amplexicautibus
1044 1985 1125 2027 late
1170 1983 1365 2039 oblongis
1407 1982 1668 2026 acutiuscule
1711 1983 1886 2036 Iobatis,

197 2045 352 2102 sepalis
378 2043 563 2101 glabris,
592 2043 743 2100 petalis
770 2042 1029 2086 aurantiacis
1057 2042 1303 2095 maculatis,
1334 2041 1500 2098 siliquis
1528 2041 1654 2084 rectis
1682 2041 1783 2085 setis
1812 2043 1887 2085 ad-

197 2103 357 2161 pressis
405 2101 754 2145 aculeiformibus
805 2115 852 2144 ex
904 2101 1127 2145 tuberculo
1169 2100 1274 2144 ortis
1315 2113 1443 2157 parce
1483 2099 1632 2143 obsitis
1682 2107 1886 2143 caeterum

197 2161 374 2218 glabris,
403 2160 567 2204 semine
602 2159 823 2203 reniformi
856 2166 921 2211 O.
958 2159 1026 2203 Gl.
1063 2160 1286 2203 Persicum
1317 2159 1460 2215 ssunge
1488 2158 1531 2200 in
1557 2158 1702 2201 Lehm.
1733 2173 1774 2216 p.
1805 2158 1889 2202 19⁴2

198 2235 284 2264 non
313 2233 380 2263 Dc.
413 2219 481 2264 Gl.
514 2219 678 2262 luteum
703 2233 796 2262 var.
827 2218 1129 2275 fimbrilliyera
1156 2219 1326 2261 Trautv.
1356 2218 1414 2274 pl.
1446 2231 1532 2260 exs.

261 2292 362 2329 Hab.
400 2291 438 2328 in
476 2289 664 2338 lapidosis
707 2288 981 2326 Turkestaniae
1019 2289 1068 2327 ad
1108 2288 1265 2326 fluvium
1303 2286 1538 2326 Sarafschan
1578 2291 1616 2325 et
1658 2287 1697 2324 in
1727 2287 1889 2335 regione

198 2351 375 2462 iigerio'r;
419 2349 561 2388 montis
604 2349 780 2387 Karatau
817 2344 1058 2401 (Lehml),
1103 2349 1151 2385 ad
1196 2347 1344 2386 Khotal
1379 2346 1597 2396 Affghaniae
1643 2347 1709 2385 alt.
1750 2344 1887 2387 9500’

259 2411 324 2447 r1ff
336 2440 344 2447 .
382 2439 391 2447 .

200 2407 215 2462 (
257 2478 403 2516 Pedale
421 2478 483 2514 vel
507 2477 658 2524 elatius,
683 2476 776 2514 folia
802 2470 865 2515 Gl.
891 2475 1067 2521 Arabici,
1090 2475 1206 2513 flores
1230 2486 1358 2522 magn.
1387 2474 1428 2512 G.
1457 2475 1702 2517 corniculam,
1735 2473 1889 2524 siliquae

197 2538 254 2575 eis
282 2535 328 2577 G.
355 2537 450 2575 lutei
474 2537 537 2574 vix
560 2535 807 2585 angustiores
830 2533 908 2574 5-7
934 2535 1158 2584 pollicares.

257 2692 316 2736 G.
345 2691 590 2746 elegans
618 2689 683 2745 (F.
715 2695 755 2731 et
782 2689 834 2731 M.
867 2688 996 2731 Index
1024 2688 1053 2730 I.
1087 2687 1208 2730 Hort.
1241 2687 1409 2743 Petrop.
1441 2700 1481 2742 p.
1513 2685 1587 2742 29)
1615 2686 1887 2742 glabrescens

197 2751 263 2792 vcl
292 2762 417 2806 parce
445 2748 695 2800 selulosum,
716 2746 826 2790 foliis
854 2746 1111 2789 radicalibus
1138 2745 1299 2788 ambitu
1319 2744 1711 2801 obovalo-oblongis
1735 2744 1887 2801 pinna-

198 2807 328 2850 tifidis
369 2806 476 2849 lobis
519 2805 705 2849 breviter
745 2805 878 2848 ovatis
920 2803 1327 2855 crenato-dentatis,
1358 2803 1654 2860 superioribus
1690 2803 1886 2846 cordato-

197 2864 577 2922 amplexicaulibus
612 2863 954 2908 ovato-rotundis
995 2863 1146 2905 obtuse
1182 2861 1581 2913 sinuato-dentatis,
1623 2861 1778 2912 sepalis
1813 2875 1887 2918 pa-

197 2922 631 2983 pillari-aculeolatis.
681 2922 831 2980 petalis
872 2921 1013 2980 parvis
1067 2919 1325 2964 aurantiacis
1372 2920 1462 2963 basi
1516 2919 1686 2973 rubris,
1731 2919 1888 2978 sliqua
