2021 3235
901 207 958 252 45

763 313 930 371 Species
960 314 1115 359 dubiae.

149 404 197 444 A.
219 406 422 456 pulsatilla
447 406 493 445 L.
518 407 623 446 eirea
643 407 878 455 Byzantium
901 420 926 446 a
949 408 1177 458 Sibthorpio
1203 410 1388 450 indicata.

146 472 193 512 A.
212 473 388 523 palmata
412 474 458 512 L.
482 475 520 512 in
536 474 596 513 Fl.
622 474 758 523 Pelop.
783 480 824 514 ut
845 487 869 513 a
892 476 942 514 el.
966 474 1123 515 Gittard
1139 477 1178 515 in
1195 477 1475 526 Peloponneso
1495 480 1662 518 collecta
1680 480 1777 517 indi-

91 536 178 572 cata
200 533 269 571 sed
292 539 334 572 ut
356 534 511 572 videtur
545 533 721 573 erronee'.
748 534 808 574 Cl.
833 533 988 573 Gittard
1015 547 1149 575 errore
1172 536 1448 576 schedularum
1470 539 1603 587 plures
1628 540 1782 588 species

87 593 321 642 Hispanieas
345 596 384 632 et
404 593 614 632 Africanas
634 595 673 632 in
697 593 854 633 Graecia
876 594 1078 634 indicavit.

148 659 193 700 A.
218 661 386 710 formosa
411 662 571 713 (Olarke
595 663 632 700 in
666 662 832 712 Spreng.
866 663 917 701 N.
950 664 1066 702 Entd.
1094 665 1165 713 ΙΙΙ,
1189 676 1228 713 p.
1256 663 1367 716 157)
1401 665 1505 703 foliis
1544 667 1782 704 radicalibus

91 721 231 760 crassis
254 722 446 771 profunde
469 722 678 771 tripartitis
703 723 956 761 subrotundis
980 724 1192 772 segmentis
1206 725 1434 763 subtrilobis
1458 729 1571 764 acute
1591 726 1779 774 dentatis,

88 781 180 819 folio
192 781 384 830 superiori
407 781 601 830 tripartito
624 782 778 820 laciniis
795 783 856 820 bis
875 783 1012 821 trifidis
1036 783 1228 832 angustis,
1244 784 1435 823 involucri
1463 785 1649 834 tripartiti
1685 787 1782 825 laci-

90 840 163 878 niis
185 841 429 890 lanceolatis,
457 841 603 890 sepalis
626 841 705 879 late
730 842 858 880 ovatis
881 843 1110 892 majusculis
1144 847 1181 889 26
1196 873 1205 882 .

147 907 248 946 Hab.
274 907 313 944 in
334 907 433 946 Asia
455 907 607 946 Minore
632 905 819 960 (Clarke).

149 974 206 1013 01.
232 974 422 1024 Sprengel
448 975 486 1013 in
510 975 622 1025 eujus
654 975 763 1014 herb.
789 976 925 1024 planta
948 976 1060 1015 deest
1094 989 1181 1016 eam
1204 989 1290 1016 oum
1313 975 1362 1017 A.
1398 977 1540 1027 bislord
1575 991 1640 1018 Dc.
1670 980 1781 1019 dubi-

87 1037 214 1073 tanter
237 1035 451 1084 conjungit.

647 1150 830 1199 Anoms
873 1150 936 1213 (L.
975 1149 1073 1199 Gen.
1110 1149 1238 1212 698).

142 1261 285 1305 Flores
311 1276 397 1306 non
425 1263 692 1307 involucrati.
723 1264 848 1323 Calyx
874 1264 902 1307 5
928 1266 1113 1323 sepalus.
1145 1266 1287 1319 Petala
1314 1265 1423 1310 5-15
1440 1267 1561 1311 fovea
1588 1268 1778 1312 nectari-

83 1321 171 1364 fera
203 1321 416 1365 destituta.
454 1321 645 1380 Carpella
679 1323 791 1368 sicca
828 1324 1087 1381 subglobosa
1127 1326 1235 1383 stylo
1274 1326 1474 1370 indurato
1509 1333 1781 1370 rostrata.—

86 1379 237 1424 Herbae
264 1380 375 1424 foliis
403 1381 638 1426 multifidis.

138 1495 260 1540 SEGT.
292 1497 324 1541 Ι.
358 1497 587 1542 CONSILIGO
615 1511 682 1542 Dc.
723 1497 926 1556 Carpella
955 1499 1067 1556 stylo
1091 1500 1289 1544 deorsum
1305 1501 1526 1546 uncinato.
1551 1526 1606 1533 —
1625 1501 1780 1546 Herbae

342 1571 562 1614 perennes.

147 1666 197 1709 A
220 1667 564 1724 Wolqensis
591 1666 717 1725 (Stev.
757 1667 802 1710 in
835 1680 902 1711 nc.
941 1667 1050 1726 Syst.
1084 1667 1118 1723 Ι,
1146 1682 1188 1725 p.
1225 1667 1327 1726 545)
1355 1670 1475 1713 caule
1507 1685 1531 1713 a
1557 1676 1678 1728 parte
1710 1671 1777 1714 in-

82 1723 226 1767 feriori
253 1724 496 1770 dichotome
524 1733 565 1770 et
591 1726 941 1770 subdivaricalim
967 1740 1156 1781 ramoso,
1190 1727 1302 1771 foliis
1329 1728 1589 1773 radicalibus
1617 1736 1658 1774 et
1683 1744 1781 1774 oau-

81 1783 178 1827 linis
204 1783 481 1829 inferioribus
507 1786 560 1829 ad
578 1800 777 1844 squamas
795 1786 1002 1840 reductis,
1022 1785 1198 1844 reliquis
1217 1785 1437 1831 sessilibus
1472 1789 1779 1846 supradeoom-

82 1842 229 1899 positis
270 1843 436 1888 laciniis
480 1843 943 1899 lineari-lanceolalis‚
987 1845 1141 1902 sepalis
1176 1845 1373 1902 oblongis
1416 1846 1581 1891 obtusis
1625 1849 1783 1892 corolla

82 1901 376 1957 brevioribus,
411 1903 606 1961 carpellis
641 1903 976 1962 pubescentibus
1003 1903 1195 1948 obovatis
1223 1904 1469 1963 junioribus
1506 1908 1613 1965 stylo
1647 1907 1772 1964 eequi-

82 1960 210 2018 longo
237 1969 413 2006 arcuato
446 1962 625 2006 maturis
662 1964 865 2021 adpresso
908 1963 1119 2021 superatis
1155 1971 1217 2014 ΖΔ.
1255 1963 1312 2007 Ic.
1343 1964 1502 2009 Deless.
1541 1965 1573 2009 l.
1606 1966 1693 2009 lab.
1727 1965 1782 2008 20

82 2019 207 2078 (stylo
233 2019 277 2064 in
304 2021 465 2080 analysi
493 2022 673 2066 erronee
701 2021 972 2079 circinnato).

140 2090 241 2129 Hab.
274 2092 313 2128 in
345 2093 510 2131 collibus
534 2093 651 2131 siccis
674 2092 872 2131 Armeniae
897 2089 1037 2145 (Auch.
1061 2103 1144 2130 exs.
1167 2089 1289 2132 4014
1304 2092 1355 2144 ἔ),
1381 2093 1488 2132 eirea
1508 2093 1726 2132 Erzeroum
1743 2099 1782 2133 et

82 2149 269 2188 Tortoum
293 2150 467 2203 (Calv!)‚
491 2152 529 2189 in
555 2151 731 2191 Caucaso
751 2155 789 2192 et
804 2152 935 2192 Iberia
959 2149 1010 2202 (si
1032 2154 1074 2190 ut
1097 2152 1321 2191 verosimile
1345 2156 1404 2192 est
1425 2150 1474 2192 A.
1494 2154 1666 2193 vernalis
1696 2154 1781 2192 ΜΒ.
1859 2171 1862 2173 v

82 2209 158 2249 huo
184 2210 365 2264 spectat.)
392 2211 452 2250 Fl.
478 2211 604 2260 primo
628 2223 735 2251 vere.

143 2278 282 2316 Planta
303 2282 386 2318 tota
409 2280 542 2329 patule
566 2279 723 2319 hirtula.
745 2278 790 2319 A.
815 2279 987 2320 vernalis
1011 2277 1057 2317 L.
1082 2291 1106 2318 a
1128 2281 1264 2318 nostra
1293 2281 1461 2330 quacum
1484 2292 1592 2331 saepe
1617 2281 1783 2320 confusa

86 2337 215 2376 differt
237 2340 355 2377 ramis
392 2340 555 2387 strictis,
578 2339 732 2379 laciniis
757 2340 1000 2379 subsetaceis
1017 2340 1036 2386 ,’
1053 2339 1149 2378 flore
1175 2339 1294 2388 duplo
1328 2340 1491 2392 majori,
1516 2341 1701 2390 earpellis
1720 2341 1784 2391 ju-

86 2398 259 2437 nioribus
284 2399 386 2448 stylo
411 2399 586 2438 breviori
608 2402 715 2439 recto
748 2400 860 2449 apice
883 2402 1031 2438 tantum
1054 2402 1218 2438 arcuato
1244 2400 1456 2449 superatis.

143 2464 221 2506 Ar.
245 2463 408 2518 Geogr.
430 2467 647 2518 Hungaria.
671 2468 816 2508 Rossia
832 2468 1031 2507 australis.
1056 2466 1262 2519 Songaria,
1287 2467 1431 2507 Sibiria
1451 2468 1661 2507 uralensis.

149 2599 212 2643 A.
252 2598 528 2654 Cyllenea
553 2597 705 2655 (Boiss.
736 2597 883 2641 Heldr.
915 2603 957 2641 et
981 2595 1112 2654 Orph.
1153 2595 1306 2652 Diagn.
1340 2594 1434 2639 Ser.
1478 2595 1519 2639 2.
1562 2596 1611 2640 V.
1648 2611 1690 2654 p.
1741 2595 1785 2653 5)

94 2658 212 2701 caule
246 2658 354 2700 elato
394 2671 578 2714 superne
613 2670 801 2711 ramoso,
830 2655 941 2699 foliis
976 2654 1237 2699 radicalibus
1271 2660 1313 2698 et
1353 2654 1633 2699 inferioribus
1659 2657 1786 2712 longe

95 2715 303 2772 petiolatis
335 2716 537 2760 omnibus
570 2716 732 2759 ambitu
768 2714 902 2759 ovatis
935 2713 1086 2772 amplis
1116 2713 1161 2757 in
1192 2712 1369 2757 lacinias
1402 2713 1786 2771 oblongo-lanceo-

94 2775 198 2818 latas
234 2774 689 2832 supradeoompositis,
732 2773 885 2832 sepalis
911 2771 1159 2817 lanceolatis
1192 2772 1327 2816 acutis
1359 2773 1498 2829 petala
1525 2773 1786 2831 subaequan-

99 2832 227 2888 libus,
256 2833 451 2891 carpellis
478 2831 964 2890 ovato-triangularibus
991 2832 1119 2876 dorso
1137 2830 1278 2887 gibbis
1294 2832 1663 2888 glabrescentibus
1680 2833 1787 2890 stylo

101 2891 422 2950 subaequilongo
449 2899 566 2936 recto
594 2892 712 2950 apice
739 2891 942 2936 uncinato
975 2889 1187 2949 superatis
1223 2897 1284 2940 26.

159 2964 260 3002 Hab.
281 2964 319 3001 in
343 2963 521 3002 faucibus
547 2964 742 3004 umbrosis
769 2964 912 3002 montis
934 2962 1128 3012 Kyllenes
1153 2960 1420 3011 Peloponnesi
1444 2973 1565 3010 supra
1581 2962 1788 3001 Flambou-

103 3023 200 3062 ritza
222 3023 289 3062 alt.
313 3020 453 3063 4500’
483 3022 635 3077 (Heldr.
659 3022 782 3073 Orph.
805 3022 867 3062 Fl.
893 3022 962 3062 Gr.
989 3033 1059 3061 exs
1083 3027 1127 3060 n⁰
1152 3019 1310 3074 2871).
1333 3021 1396 3060 Fl.
1425 3020 1545 3061 Maio.
