<?xml version="1.0" encoding="UTF-8"?>
<!DOCTYPE html PUBLIC "-//W3C//DTD XHTML 1.0 Transitional//EN"
    "http://www.w3.org/TR/xhtml1/DTD/xhtml1-transitional.dtd">
<html xmlns="http://www.w3.org/1999/xhtml" xml:lang="en" lang="en">
 <head>
  <title>
</title>
<meta http-equiv="Content-Type" content="text/html;charset=utf-8" />
  <meta name='ocr-system' content='tesseract 3.04.00' />
  <meta name='ocr-capabilities' content='ocr_page ocr_carea ocr_par ocr_line ocrx_word'/>
</head>
<body>
  <div class='ocr_page' id='page_1' title='image "./floraorientaliss01bois_0569.png"; bbox 0 0 2021 3235; ppageno 0'>
   <div class='ocr_carea' id='block_1_1' title="bbox 904 92 990 136">
    <p class='ocr_par' dir='ltr' id='par_1_1' title="bbox 904 92 990 136">
     <span class='ocr_line' id='line_1_1' title="bbox 904 92 990 136; baseline -0.012 0"><span class='ocrx_word' id='word_1_1' title='bbox 904 92 990 136; x_wconf 68' lang='lat'>525</span> 
     </span>
    </p>
   </div>
   <div class='ocr_carea' id='block_1_2' title="bbox 104 189 1802 353">
    <p class='ocr_par' dir='ltr' id='par_1_2' title="bbox 104 189 1802 353">
     <span class='ocr_line' id='line_1_2' title="bbox 104 189 1802 246; baseline -0.004 -12"><span class='ocrx_word' id='word_1_2' title='bbox 104 196 178 246; x_wconf 88' lang='lat' dir='ltr'>pisi</span> <span class='ocrx_word' id='word_1_3' title='bbox 200 195 360 243; x_wconf 86' lang='lat' dir='ltr'>magnit.</span> <span class='ocrx_word' id='word_1_4' title='bbox 387 192 525 232; x_wconf 80' lang='lat' dir='ltr'>Facies</span> <span class='ocrx_word' id='word_1_5' title='bbox 551 195 588 229; x_wconf 89' lang='lat' dir='ltr'>et</span> <span class='ocrx_word' id='word_1_6' title='bbox 611 190 726 239; x_wconf 83' lang='lat' dir='ltr'>calyx</span> <span class='ocrx_word' id='word_1_7' title='bbox 751 190 992 238; x_wconf 88' lang='lat' dir='ltr'>cylindricus</span> <span class='ocrx_word' id='word_1_8' title='bbox 1026 191 1185 238; x_wconf 84' lang='lat' dir='ltr'>generis</span> <span class='ocrx_word' id='word_1_9' title='bbox 1211 189 1281 227; x_wconf 88' lang='lat' dir='ltr'>sed</span> <span class='ocrx_word' id='word_1_10' title='bbox 1307 189 1472 238; x_wconf 73' lang='lat' dir='ltr'>capsula</span> <span class='ocrx_word' id='word_1_11' title='bbox 1497 190 1741 238; x_wconf 68' lang='lat' dir='ltr'>subglobosa</span> <span class='ocrx_word' id='word_1_12' title='bbox 1762 193 1802 228; x_wconf 88' lang='lat' dir='ltr'>et</span> 
     </span>
     <span class='ocr_line' id='line_1_3' title="bbox 105 249 1798 304; baseline -0.005 -9"><span class='ocrx_word' id='word_1_13' title='bbox 105 256 239 304; x_wconf 79' lang='lat' dir='ltr'><strong>calyce</strong></span> <span class='ocrx_word' id='word_1_14' title='bbox 254 254 355 291; x_wconf 87' lang='lat' dir='ltr'>inter</span> <span class='ocrx_word' id='word_1_15' title='bbox 372 256 503 292; x_wconf 86' lang='lat' dir='ltr'>costas</span> <span class='ocrx_word' id='word_1_16' title='bbox 523 252 823 289; x_wconf 84' lang='lat' dir='ltr'>membranaceo</span> <span class='ocrx_word' id='word_1_17' title='bbox 841 250 1109 288; x_wconf 86' lang='lat' dir='ltr'>subanomala.</span> <span class='ocrx_word' id='word_1_18' title='bbox 1131 249 1294 298; x_wconf 82' lang='lat' dir='ltr'>Species</span> <span class='ocrx_word' id='word_1_19' title='bbox 1318 249 1472 287; x_wconf 88' lang='lat' dir='ltr'>curiosa</span> <span class='ocrx_word' id='word_1_20' title='bbox 1490 249 1526 299; x_wconf 80' lang='lat' dir='ltr'>in</span> <span class='ocrx_word' id='word_1_21' title='bbox 1551 250 1644 287; x_wconf 87' lang='lat' dir='ltr'>vivo</span> <span class='ocrx_word' id='word_1_22' title='bbox 1666 250 1798 288; x_wconf 88' lang='lat' dir='ltr'>obser-</span> 
     </span>
     <span class='ocr_line' id='line_1_4' title="bbox 105 314 245 353; baseline 0 -1"><span class='ocrx_word' id='word_1_23' title='bbox 105 314 245 353; x_wconf 84' lang='lat' dir='ltr'>vanda.</span> 
     </span>
    </p>
   </div>
   <div class='ocr_carea' id='block_1_3' title="bbox 113 425 1804 783">
    <p class='ocr_par' dir='ltr' id='par_1_3' title="bbox 113 425 1804 783">
     <span class='ocr_line' id='line_1_5' title="bbox 113 425 1801 488; baseline -0.002 -12"><span class='ocrx_word' id='word_1_24' title='bbox 113 433 233 476; x_wconf 78' lang='lat' dir='ltr'>SECT.</span> <span class='ocrx_word' id='word_1_25' title='bbox 271 425 342 475; x_wconf 85' lang='grc' dir='ltr'>ΙΙΙ.</span> <span class='ocrx_word' id='word_1_26' title='bbox 379 431 608 474; x_wconf 75' lang='lat' dir='ltr'><strong>VACCARIA.</strong></span> <span class='ocrx_word' id='word_1_27' title='bbox 646 456 702 462; x_wconf 90' lang='lat'>—-</span> <span class='ocrx_word' id='word_1_28' title='bbox 738 429 878 486; x_wconf 71' lang='lat' dir='ltr'>Calyoe</span> <span class='ocrx_word' id='word_1_29' title='bbox 903 431 1086 473; x_wconf 75' lang='lat' dir='ltr'>tenuiter</span> <span class='ocrx_word' id='word_1_30' title='bbox 1110 430 1401 484; x_wconf 75' lang='lat' dir='ltr'>multinervis,</span> <span class='ocrx_word' id='word_1_31' title='bbox 1425 431 1629 488; x_wconf 76' lang='lat' dir='ltr'><em>fructifer</em></span> <span class='ocrx_word' id='word_1_32' title='bbox 1651 438 1801 475; x_wconf 75' lang='lat' dir='ltr'>auctus</span> 
     </span>
     <span class='ocr_line' id='line_1_6' title="bbox 458 488 1803 547; baseline 0.002 -15"><span class='ocrx_word' id='word_1_33' title='bbox 458 494 606 532; x_wconf 64' lang='lat' dir='ltr'>ovatus</span> <span class='ocrx_word' id='word_1_34' title='bbox 632 489 688 532; x_wconf 82' lang='lat' dir='ltr'>ad</span> <span class='ocrx_word' id='word_1_35' title='bbox 715 489 895 544; x_wconf 74' lang='lat' dir='ltr'>anyulos</span> <span class='ocrx_word' id='word_1_36' title='bbox 921 489 1079 532; x_wconf 73' lang='lat' dir='ltr'>alatus.</span> <span class='ocrx_word' id='word_1_37' title='bbox 1133 488 1297 547; x_wconf 73' lang='lat' dir='ltr'>Unyuz&#39;s</span> <span class='ocrx_word' id='word_1_38' title='bbox 1322 503 1348 531; x_wconf 83' lang='lat' dir='ltr'>a</span> <span class='ocrx_word' id='word_1_39' title='bbox 1375 490 1539 533; x_wconf 78' lang='lat' dir='ltr'>lamimi</span> <span class='ocrx_word' id='word_1_40' title='bbox 1568 492 1659 535; x_wconf 74' lang='lat' dir='ltr'>basi</span> <span class='ocrx_word' id='word_1_41' title='bbox 1683 493 1803 535; x_wconf 61' lang='lat' dir='ltr'>nuda</span> 
     </span>
     <span class='ocr_line' id='line_1_7' title="bbox 460 545 1804 608; baseline 0.003 -18"><span class='ocrx_word' id='word_1_42' title='bbox 460 548 704 591; x_wconf 72' lang='lat' dir='ltr'>distinctus.</span> <span class='ocrx_word' id='word_1_43' title='bbox 736 545 926 604; x_wconf 75' lang='lat' dir='ltr'>capsula</span> <span class='ocrx_word' id='word_1_44' title='bbox 939 548 1212 604; x_wconf 76' lang='lat' dir='ltr'>polysperma</span> <span class='ocrx_word' id='word_1_45' title='bbox 1233 548 1324 590; x_wconf 80' lang='lat' dir='ltr'>basi</span> <span class='ocrx_word' id='word_1_46' title='bbox 1339 549 1670 594; x_wconf 65' lang='lat' dir='ltr'>subbilocularis</span> <span class='ocrx_word' id='word_1_47' title='bbox 1686 553 1804 608; x_wconf 67' lang='lat' dir='ltr'>apice</span> 
     </span>
     <span class='ocr_line' id='line_1_8' title="bbox 460 607 1803 665; baseline 0.003 -16"><span class='ocrx_word' id='word_1_48' title='bbox 460 607 489 649; x_wconf 77' lang='lat'><em>4</em></span> <span class='ocrx_word' id='word_1_49' title='bbox 520 607 693 649; x_wconf 79' lang='lat' dir='ltr'>dentata</span> <span class='ocrx_word' id='word_1_50' title='bbox 718 642 726 659; x_wconf 93' lang='lat'>,</span> <span class='ocrx_word' id='word_1_51' title='bbox 761 607 975 663; x_wconf 79' lang='lat' dir='ltr'>epicarpz&#39;o</span> <span class='ocrx_word' id='word_1_52' title='bbox 1005 612 1217 650; x_wconf 74' lang='lat' dir='ltr'>crustaceo</span> <span class='ocrx_word' id='word_1_53' title='bbox 1247 607 1300 649; x_wconf 78' lang='lat' dir='ltr'>ab</span> <span class='ocrx_word' id='word_1_54' title='bbox 1330 607 1585 665; x_wconf 67' lang='lat' dir='ltr'>endoczzrpio</span> <span class='ocrx_word' id='word_1_55' title='bbox 1618 611 1803 654; x_wconf 66' lang='lat' dir='ltr'>tenuiter</span> 
     </span>
     <span class='ocr_line' id='line_1_9' title="bbox 461 665 1803 722; baseline 0.004 -15"><span class='ocrx_word' id='word_1_56' title='bbox 461 665 776 708; x_wconf 72' lang='lat' dir='ltr'>membranaceo</span> <span class='ocrx_word' id='word_1_57' title='bbox 792 666 946 708; x_wconf 74' lang='lat' dir='ltr'>soluto.</span> <span class='ocrx_word' id='word_1_58' title='bbox 980 665 1132 709; x_wconf 79' lang='lat' dir='ltr'>Semen</span> <span class='ocrx_word' id='word_1_59' title='bbox 1147 666 1460 722; x_wconf 71' lang='lat' dir='ltr'>subqlobosum.</span> <span class='ocrx_word' id='word_1_60' title='bbox 1481 694 1538 698; x_wconf 86' lang='lat'>—-</span> <span class='ocrx_word' id='word_1_61' title='bbox 1556 668 1708 713; x_wconf 79' lang='lat' dir='ltr'>Herboe</span> <span class='ocrx_word' id='word_1_62' title='bbox 1723 685 1803 713; x_wconf 71' lang='grc' dir='ltr'>αη-</span> 
     </span>
     <span class='ocr_line' id='line_1_10' title="bbox 460 724 1741 783; baseline 0.005 -17"><span class='ocrx_word' id='word_1_63' title='bbox 460 737 574 778; x_wconf 76' lang='lat' dir='ltr'>nuae,</span> <span class='ocrx_word' id='word_1_64' title='bbox 594 725 713 767; x_wconf 76' lang='lat' dir='ltr'>caule</span> <span class='ocrx_word' id='word_1_65' title='bbox 729 730 878 777; x_wconf 75' lang='lat' dir='ltr'>erecto,</span> <span class='ocrx_word' id='word_1_66' title='bbox 902 724 1217 780; x_wconf 75' lang='lat' dir='ltr'>inflorescentici</span> <span class='ocrx_word' id='word_1_67' title='bbox 1233 724 1467 768; x_wconf 78' lang='lat' dir='ltr'>dichotome</span> <span class='ocrx_word' id='word_1_68' title='bbox 1483 728 1741 783; x_wconf 71' lang='lat' dir='ltr'>corymbosci.</span> 
     </span>
    </p>
   </div>
   <div class='ocr_carea' id='block_1_4' title="bbox 113 842 1812 1664">
    <p class='ocr_par' dir='ltr' id='par_1_4' title="bbox 113 842 1807 1135">
     <span class='ocr_line' id='line_1_11' title="bbox 169 842 1803 906; baseline 0.004 -17"><span class='ocrx_word' id='word_1_69' title='bbox 169 845 220 889; x_wconf 88' lang='lat' dir='ltr'>S.</span> <span class='ocrx_word' id='word_1_70' title='bbox 252 845 525 888; x_wconf 82' lang='lat' dir='ltr'>vaccaria</span> <span class='ocrx_word' id='word_1_71' title='bbox 566 843 628 899; x_wconf 83' lang='lat' dir='ltr'>(L.</span> <span class='ocrx_word' id='word_1_72' title='bbox 660 843 729 900; x_wconf 88' lang='lat' dir='ltr'>Sp.</span> <span class='ocrx_word' id='word_1_73' title='bbox 761 842 865 900; x_wconf 83' lang='grc'>585)</span> <span class='ocrx_word' id='word_1_74' title='bbox 909 842 1019 886; x_wconf 89' lang='lat' dir='ltr'>foliis</span> <span class='ocrx_word' id='word_1_75' title='bbox 1050 843 1175 886; x_wconf 83' lang='lat' dir='ltr'>inser.</span> <span class='ocrx_word' id='word_1_76' title='bbox 1215 844 1410 902; x_wconf 79' lang='lat' dir='ltr'>oblongis</span> <span class='ocrx_word' id='word_1_77' title='bbox 1436 847 1526 890; x_wconf 90' lang='lat' dir='ltr'>basi</span> <span class='ocrx_word' id='word_1_78' title='bbox 1556 852 1803 906; x_wconf 87' lang='lat' dir='ltr'>attenuatis,</span> 
     </span>
     <span class='ocr_line' id='line_1_12' title="bbox 113 901 1807 967; baseline 0.004 -20"><span class='ocrx_word' id='word_1_79' title='bbox 113 902 275 948; x_wconf 84' lang='lat' dir='ltr'>caeteris</span> <span class='ocrx_word' id='word_1_80' title='bbox 302 917 326 945; x_wconf 92' lang='lat' dir='ltr'>a</span> <span class='ocrx_word' id='word_1_81' title='bbox 352 902 442 946; x_wconf 88' lang='lat' dir='ltr'>basi</span> <span class='ocrx_word' id='word_1_82' title='bbox 470 902 606 945; x_wconf 87' lang='lat' dir='ltr'>sessili</span> <span class='ocrx_word' id='word_1_83' title='bbox 633 902 806 945; x_wconf 78' lang='lat' dir='ltr'>cordata</span> <span class='ocrx_word' id='word_1_84' title='bbox 832 901 1079 945; x_wconf 85' lang='lat' dir='ltr'>lanceolatis</span> <span class='ocrx_word' id='word_1_85' title='bbox 1106 901 1280 956; x_wconf 85' lang='lat' dir='ltr'>strictis,</span> <span class='ocrx_word' id='word_1_86' title='bbox 1320 904 1521 949; x_wconf 81' lang='lat' dir='ltr'>dentibus</span> <span class='ocrx_word' id='word_1_87' title='bbox 1550 909 1702 967; x_wconf 83' lang='lat' dir='ltr'>calycis</span> <span class='ocrx_word' id='word_1_88' title='bbox 1732 911 1807 954; x_wconf 80' lang='lat' dir='ltr'>tri-</span> 
     </span>
     <span class='ocr_line' id='line_1_13' title="bbox 116 960 1807 1019; baseline 0.005 -14"><span class='ocrx_word' id='word_1_89' title='bbox 116 961 391 1018; x_wconf 80' lang='lat' dir='ltr'>angularibus</span> <span class='ocrx_word' id='word_1_90' title='bbox 418 961 609 1017; x_wconf 86' lang='lat' dir='ltr'>margine</span> <span class='ocrx_word' id='word_1_91' title='bbox 647 960 861 1013; x_wconf 84' lang='lat' dir='ltr'>scariosis,</span> <span class='ocrx_word' id='word_1_92' title='bbox 901 974 1044 1016; x_wconf 87' lang='lat' dir='ltr'>ungue</span> <span class='ocrx_word' id='word_1_93' title='bbox 1071 961 1258 1005; x_wconf 86' lang='lat' dir='ltr'>breviter</span> <span class='ocrx_word' id='word_1_94' title='bbox 1285 971 1468 1019; x_wconf 85' lang='lat' dir='ltr'>exserto,</span> <span class='ocrx_word' id='word_1_95' title='bbox 1497 966 1654 1011; x_wconf 78' lang='lat' dir='ltr'>lamina</span> <span class='ocrx_word' id='word_1_96' title='bbox 1685 975 1807 1014; x_wconf 72' lang='lat' dir='ltr'>rosea</span> 
     </span>
     <span class='ocr_line' id='line_1_14' title="bbox 115 1018 1805 1078; baseline 0.004 -14"><span class='ocrx_word' id='word_1_97' title='bbox 115 1021 291 1065; x_wconf 73' lang='lat' dir='ltr'>obovata</span> <span class='ocrx_word' id='word_1_98' title='bbox 318 1020 486 1063; x_wconf 76' lang='lat' dir='ltr'>erosula</span> <span class='ocrx_word' id='word_1_99' title='bbox 513 1021 651 1078; x_wconf 83' lang='lat' dir='ltr'>calyce</span> <span class='ocrx_word' id='word_1_100' title='bbox 674 1018 852 1062; x_wconf 90' lang='lat' dir='ltr'>dimidio</span> <span class='ocrx_word' id='word_1_101' title='bbox 878 1019 1064 1062; x_wconf 89' lang='lat' dir='ltr'>breviori</span> <span class='ocrx_word' id='word_1_102' title='bbox 1097 1025 1163 1072; x_wconf 74' lang='lat' dir='ltr'>O.</span> <span class='ocrx_word' id='word_1_103' title='bbox 1199 1020 1328 1078; x_wconf 75' lang='lat' dir='ltr'>GypS.</span> <span class='ocrx_word' id='word_1_104' title='bbox 1356 1026 1550 1068; x_wconf 74' lang='lat' dir='ltr'>vaccaria</span> <span class='ocrx_word' id='word_1_105' title='bbox 1578 1026 1639 1069; x_wconf 92' lang='lat' dir='ltr'>Fl.</span> <span class='ocrx_word' id='word_1_106' title='bbox 1670 1027 1805 1073; x_wconf 84' lang='lat' dir='ltr'>Graec.</span> 
     </span>
     <span class='ocr_line' id='line_1_15' title="bbox 119 1078 1037 1135; baseline -0.003 -12"><span class='ocrx_word' id='word_1_107' title='bbox 119 1080 199 1123; x_wconf 78' lang='lat' dir='ltr'>[ab.</span> <span class='ocrx_word' id='word_1_108' title='bbox 231 1078 331 1122; x_wconf 80' lang='lat'><strong>380.</strong></span> <span class='ocrx_word' id='word_1_109' title='bbox 374 1078 576 1122; x_wconf 78' lang='lat' dir='ltr'>Vaccaria</span> <span class='ocrx_word' id='word_1_110' title='bbox 589 1079 828 1135; x_wconf 78' lang='lat' dir='ltr'>parviflora</span> <span class='ocrx_word' id='word_1_111' title='bbox 856 1078 1037 1121; x_wconf 85' lang='lat' dir='ltr'>Moench.</span> 
     </span>
    </p>

    <p class='ocr_par' dir='ltr' id='par_1_5' title="bbox 118 1138 1804 1254">
     <span class='ocr_line' id='line_1_16' title="bbox 174 1138 1804 1198; baseline 0.004 -18"><span class='ocrx_word' id='word_1_112' title='bbox 174 1143 273 1180; x_wconf 87' lang='lat' dir='ltr'>Hab.</span> <span class='ocrx_word' id='word_1_113' title='bbox 300 1142 339 1179; x_wconf 92' lang='lat' dir='ltr'>in</span> <span class='ocrx_word' id='word_1_114' title='bbox 376 1143 488 1179; x_wconf 88' lang='lat' dir='ltr'>cultis</span> <span class='ocrx_word' id='word_1_115' title='bbox 522 1142 641 1179; x_wconf 85' lang='lat' dir='ltr'>totius</span> <span class='ocrx_word' id='word_1_116' title='bbox 681 1138 843 1180; x_wconf 87' lang='lat' dir='ltr'>ditionis</span> <span class='ocrx_word' id='word_1_117' title='bbox 867 1153 890 1178; x_wconf 89' lang='lat' dir='ltr'>a</span> <span class='ocrx_word' id='word_1_118' title='bbox 913 1140 1067 1180; x_wconf 73' lang='lat' dir='ltr'>Graeeia</span> <span class='ocrx_word' id='word_1_119' title='bbox 1098 1142 1147 1178; x_wconf 84' lang='lat' dir='ltr'>ad</span> <span class='ocrx_word' id='word_1_120' title='bbox 1189 1141 1375 1181; x_wconf 83' lang='lat' dir='ltr'>Arabiam</span> <span class='ocrx_word' id='word_1_121' title='bbox 1410 1150 1595 1193; x_wconf 82' lang='lat' dir='ltr'>petraeam</span> <span class='ocrx_word' id='word_1_122' title='bbox 1635 1145 1804 1198; x_wconf 71' lang='lat' dir='ltr'>(Boissl</span> 
     </span>
     <span class='ocr_line' id='line_1_17' title="bbox 118 1195 1630 1254; baseline 0.002 -12"><span class='ocrx_word' id='word_1_123' title='bbox 118 1202 275 1250; x_wconf 85' lang='lat' dir='ltr'>Schimp</span> <span class='ocrx_word' id='word_1_124' title='bbox 292 1195 337 1251; x_wconf 70' lang='grc' dir='ltr'>ἱ),</span> <span class='ocrx_word' id='word_1_125' title='bbox 362 1213 471 1248; x_wconf 76' lang='grc' dir='ltr'>ριόν.</span> <span class='ocrx_word' id='word_1_126' title='bbox 497 1199 734 1239; x_wconf 83' lang='lat' dir='ltr'>Caucasicas</span> <span class='ocrx_word' id='word_1_127' title='bbox 752 1204 790 1238; x_wconf 90' lang='lat' dir='ltr'>et</span> <span class='ocrx_word' id='word_1_128' title='bbox 813 1201 988 1238; x_wconf 87' lang='lat' dir='ltr'>Persiam</span> <span class='ocrx_word' id='word_1_129' title='bbox 1006 1201 1236 1239; x_wconf 80' lang='lat' dir='ltr'>orientalem</span> <span class='ocrx_word' id='word_1_130' title='bbox 1262 1201 1362 1252; x_wconf 76' lang='lat' dir='ltr'>(Bge</span> <span class='ocrx_word' id='word_1_131' title='bbox 1380 1205 1421 1254; x_wconf 78' lang='lat' dir='ltr'>t).</span> <span class='ocrx_word' id='word_1_132' title='bbox 1449 1205 1496 1243; x_wconf 85' lang='lat' dir='ltr'>Fl</span> <span class='ocrx_word' id='word_1_133' title='bbox 1522 1219 1630 1246; x_wconf 85' lang='lat' dir='ltr'>vere.</span> 
     </span>
    </p>

    <p class='ocr_par' dir='ltr' id='par_1_6' title="bbox 121 1255 1812 1492">
     <span class='ocr_line' id='line_1_18' title="bbox 177 1255 1811 1318; baseline 0.001 -19"><span class='ocrx_word' id='word_1_134' title='bbox 177 1259 220 1313; x_wconf 82' lang='grc' dir='ltr'>β.</span> <span class='ocrx_word' id='word_1_135' title='bbox 265 1256 533 1313; x_wconf 72' lang='lat' dir='ltr'>yrandislora</span> <span class='ocrx_word' id='word_1_136' title='bbox 576 1255 736 1312; x_wconf 80' lang='lat' dir='ltr'>(Fisch.</span> <span class='ocrx_word' id='word_1_137' title='bbox 769 1255 812 1298; x_wconf 92' lang='lat' dir='ltr'>in</span> <span class='ocrx_word' id='word_1_138' title='bbox 839 1269 908 1300; x_wconf 84' lang='lat' dir='ltr'>nc.</span> <span class='ocrx_word' id='word_1_139' title='bbox 940 1255 1089 1299; x_wconf 76' lang='lat' dir='ltr'>prodr.</span> <span class='ocrx_word' id='word_1_140' title='bbox 1133 1256 1165 1309; x_wconf 92' lang='lat' dir='ltr'>l,</span> <span class='ocrx_word' id='word_1_141' title='bbox 1199 1272 1240 1314; x_wconf 95' lang='lat' dir='ltr'>p.</span> <span class='ocrx_word' id='word_1_142' title='bbox 1273 1256 1390 1314; x_wconf 76' lang='lat'>365).</span> <span class='ocrx_word' id='word_1_143' title='bbox 1437 1261 1608 1318; x_wconf 79' lang='lat' dir='ltr'>Ungues</span> <span class='ocrx_word' id='word_1_144' title='bbox 1642 1264 1811 1310; x_wconf 60' lang='lat' dir='ltr'>longius</span> 
     </span>
     <span class='ocr_line' id='line_1_19' title="bbox 121 1309 1812 1382; baseline -0.001 -23"><span class='ocrx_word' id='word_1_145' title='bbox 121 1315 289 1368; x_wconf 82' lang='lat' dir='ltr'>exserti,</span> <span class='ocrx_word' id='word_1_146' title='bbox 309 1314 466 1358; x_wconf 89' lang='lat' dir='ltr'>lamina</span> <span class='ocrx_word' id='word_1_147' title='bbox 493 1314 734 1358; x_wconf 81' lang='lat' dir='ltr'>distinctius</span> <span class='ocrx_word' id='word_1_148' title='bbox 763 1322 905 1358; x_wconf 82' lang='lat' dir='ltr'>retusa</span> <span class='ocrx_word' id='word_1_149' title='bbox 933 1315 1119 1372; x_wconf 86' lang='lat' dir='ltr'>calycem</span> <span class='ocrx_word' id='word_1_150' title='bbox 1146 1315 1372 1360; x_wconf 87' lang='lat' dir='ltr'>dimidium</span> <span class='ocrx_word' id='word_1_151' title='bbox 1400 1333 1575 1377; x_wconf 80' lang='lat' dir='ltr'>aequans</span> <span class='ocrx_word' id='word_1_152' title='bbox 1602 1323 1664 1365; x_wconf 78' lang='lat' dir='ltr'>vel</span> <span class='ocrx_word' id='word_1_153' title='bbox 1691 1309 1812 1382; x_wconf 64' lang='lat' dir='ltr'>supe-</span> 
     </span>
     <span class='ocr_line' id='line_1_20' title="bbox 121 1372 1810 1431; baseline 0.005 -13"><span class='ocrx_word' id='word_1_154' title='bbox 121 1389 234 1418; x_wconf 87' lang='lat' dir='ltr'>rans.</span> <span class='ocrx_word' id='word_1_155' title='bbox 276 1373 477 1417; x_wconf 75' lang='lat' dir='ltr'>Vaccaria</span> <span class='ocrx_word' id='word_1_156' title='bbox 493 1374 760 1430; x_wconf 73' lang='lat' dir='ltr'>yrandiflora</span> <span class='ocrx_word' id='word_1_157' title='bbox 787 1373 909 1416; x_wconf 87' lang='lat' dir='ltr'>Jaub.</span> <span class='ocrx_word' id='word_1_158' title='bbox 942 1381 984 1416; x_wconf 82' lang='lat' dir='ltr'>et</span> <span class='ocrx_word' id='word_1_159' title='bbox 1010 1372 1078 1430; x_wconf 88' lang='lat' dir='ltr'>Sp.</span> <span class='ocrx_word' id='word_1_160' title='bbox 1111 1374 1266 1418; x_wconf 82' lang='lat' dir='ltr'>Illustr.</span> <span class='ocrx_word' id='word_1_161' title='bbox 1297 1375 1366 1419; x_wconf 89' lang='lat' dir='ltr'>Or.</span> <span class='ocrx_word' id='word_1_162' title='bbox 1400 1377 1474 1431; x_wconf 91' lang='lat' dir='ltr'>III,</span> <span class='ocrx_word' id='word_1_163' title='bbox 1504 1380 1588 1423; x_wconf 86' lang='lat' dir='ltr'>tab.</span> <span class='ocrx_word' id='word_1_164' title='bbox 1619 1381 1718 1425; x_wconf 70' lang='lat'>231.</span> <span class='ocrx_word' id='word_1_165' title='bbox 1750 1385 1810 1427; x_wconf 89' lang='lat' dir='ltr'>Ad</span> 
     </span>
     <span class='ocr_line' id='line_1_21' title="bbox 121 1433 548 1492; baseline 0.002 -15"><span class='ocrx_word' id='word_1_166' title='bbox 121 1441 268 1492; x_wconf 87' lang='lat' dir='ltr'>typum</span> <span class='ocrx_word' id='word_1_167' title='bbox 290 1433 456 1476; x_wconf 77' lang='lat' dir='ltr'>transit.</span> <span class='ocrx_word' id='word_1_168' title='bbox 546 1476 548 1478; x_wconf 82' lang='grc'>.</span> 
     </span>
    </p>

    <p class='ocr_par' dir='ltr' id='par_1_7' title="bbox 123 1493 1812 1612">
     <span class='ocr_line' id='line_1_22' title="bbox 179 1493 1812 1548; baseline 0.001 -14"><span class='ocrx_word' id='word_1_169' title='bbox 179 1496 281 1534; x_wconf 87' lang='lat' dir='ltr'>Hab.</span> <span class='ocrx_word' id='word_1_170' title='bbox 315 1496 352 1532; x_wconf 93' lang='lat' dir='ltr'>in</span> <span class='ocrx_word' id='word_1_171' title='bbox 377 1496 578 1545; x_wconf 85' lang='lat' dir='ltr'>segetibus</span> <span class='ocrx_word' id='word_1_172' title='bbox 602 1495 790 1533; x_wconf 86' lang='lat' dir='ltr'>Rumeliae</span> <span class='ocrx_word' id='word_1_173' title='bbox 817 1493 995 1546; x_wconf 81' lang='lat' dir='ltr'>(Frivl),</span> <span class='ocrx_word' id='word_1_174' title='bbox 1025 1494 1150 1534; x_wconf 86' lang='lat' dir='ltr'>Cariae</span> <span class='ocrx_word' id='word_1_175' title='bbox 1183 1497 1340 1548; x_wconf 71' lang='lat' dir='ltr'>(Pint),</span> <span class='ocrx_word' id='word_1_176' title='bbox 1369 1497 1466 1547; x_wconf 65' lang='lat' dir='ltr'>Phr)</span> <span class='ocrx_word' id='word_1_177' title='bbox 1478 1500 1551 1548; x_wconf 85' lang='lat' dir='ltr'>giae</span> <span class='ocrx_word' id='word_1_178' title='bbox 1574 1504 1624 1542; x_wconf 82' lang='lat' dir='ltr'>ad</span> <span class='ocrx_word' id='word_1_179' title='bbox 1647 1503 1812 1543; x_wconf 63' lang='lat' dir='ltr'>Ouchak</span> 
     </span>
     <span class='ocr_line' id='line_1_23' title="bbox 123 1548 1499 1612; baseline 0.001 -18"><span class='ocrx_word' id='word_1_180' title='bbox 123 1548 270 1611; x_wconf 76' lang='lat' dir='ltr'>(Ball),</span> <span class='ocrx_word' id='word_1_181' title='bbox 296 1554 557 1603; x_wconf 72' lang='lat' dir='ltr'>Cappadociae</span> <span class='ocrx_word' id='word_1_182' title='bbox 585 1552 729 1608; x_wconf 82' lang='lat' dir='ltr'>(Ball),</span> <span class='ocrx_word' id='word_1_183' title='bbox 754 1554 929 1603; x_wconf 83' lang='lat' dir='ltr'>Assyriae</span> <span class='ocrx_word' id='word_1_184' title='bbox 956 1557 995 1592; x_wconf 87' lang='lat' dir='ltr'>et</span> <span class='ocrx_word' id='word_1_185' title='bbox 1018 1554 1312 1604; x_wconf 73' lang='lat' dir='ltr'>Mesopotamiae</span> <span class='ocrx_word' id='word_1_186' title='bbox 1337 1554 1499 1612; x_wconf 64' lang='lat' dir='ltr'>(Nost).</span> 
     </span>
    </p>

    <p class='ocr_par' dir='ltr' id='par_1_8' title="bbox 179 1613 1430 1664">
     <span class='ocr_line' id='line_1_24' title="bbox 179 1613 1430 1664; baseline 0.001 -11"><span class='ocrx_word' id='word_1_187' title='bbox 179 1613 253 1653; x_wconf 79' lang='lat' dir='ltr'>Ar.</span> <span class='ocrx_word' id='word_1_188' title='bbox 288 1619 446 1664; x_wconf 79' lang='lat' dir='ltr'>Geogr.</span> <span class='ocrx_word' id='word_1_189' title='bbox 487 1613 642 1663; x_wconf 76' lang='lat' dir='ltr'>Europa</span> <span class='ocrx_word' id='word_1_190' title='bbox 666 1614 793 1652; x_wconf 84' lang='lat' dir='ltr'>media</span> <span class='ocrx_word' id='word_1_191' title='bbox 816 1618 855 1652; x_wconf 87' lang='lat' dir='ltr'>et</span> <span class='ocrx_word' id='word_1_192' title='bbox 875 1615 1069 1653; x_wconf 87' lang='lat' dir='ltr'>australis.</span> <span class='ocrx_word' id='word_1_193' title='bbox 1096 1614 1240 1654; x_wconf 81' lang='lat' dir='ltr'>Sibiria</span> <span class='ocrx_word' id='word_1_194' title='bbox 1264 1616 1430 1656; x_wconf 90' lang='lat' dir='ltr'>Altaica.</span> 
     </span>
    </p>
   </div>
   <div class='ocr_carea' id='block_1_5' title="bbox 121 1744 1817 2273">
    <p class='ocr_par' dir='ltr' id='par_1_9' title="bbox 121 1744 1815 2095">
     <span class='ocr_line' id='line_1_25' title="bbox 178 1744 1810 1813; baseline 0.005 -23"><span class='ocrx_word' id='word_1_195' title='bbox 178 1746 230 1790; x_wconf 90' lang='lat' dir='ltr'>S.</span> <span class='ocrx_word' id='word_1_196' title='bbox 248 1744 585 1801; x_wconf 81' lang='lat' dir='ltr'>oxyodonta</span> <span class='ocrx_word' id='word_1_197' title='bbox 612 1744 763 1801; x_wconf 88' lang='lat' dir='ltr'>(Boiss.</span> <span class='ocrx_word' id='word_1_198' title='bbox 795 1744 947 1801; x_wconf 84' lang='lat' dir='ltr'>Diagn.</span> <span class='ocrx_word' id='word_1_199' title='bbox 979 1745 1067 1789; x_wconf 87' lang='lat' dir='ltr'>Ser.</span> <span class='ocrx_word' id='word_1_200' title='bbox 1100 1747 1153 1800; x_wconf 91' lang='lat' dir='ltr'>II,</span> <span class='ocrx_word' id='word_1_201' title='bbox 1184 1748 1215 1801; x_wconf 93' lang='grc' dir='ltr'>Ι,</span> <span class='ocrx_word' id='word_1_202' title='bbox 1245 1763 1288 1805; x_wconf 91' lang='lat' dir='ltr'>p.</span> <span class='ocrx_word' id='word_1_203' title='bbox 1310 1747 1365 1792; x_wconf 84' lang='lat'>68</span> <span class='ocrx_word' id='word_1_204' title='bbox 1393 1750 1471 1793; x_wconf 92' lang='lat' dir='ltr'>sub</span> <span class='ocrx_word' id='word_1_205' title='bbox 1501 1750 1718 1813; x_wconf 76' lang='lat' dir='ltr'>Vaccarz&#39;ci)</span> <span class='ocrx_word' id='word_1_206' title='bbox 1747 1756 1810 1799; x_wconf 82' lang='lat' dir='ltr'>fo-</span> 
     </span>
     <span class='ocr_line' id='line_1_26' title="bbox 121 1802 1811 1862; baseline 0.007 -15"><span class='ocrx_word' id='word_1_207' title='bbox 121 1804 186 1847; x_wconf 90' lang='lat' dir='ltr'>liis</span> <span class='ocrx_word' id='word_1_208' title='bbox 214 1803 337 1846; x_wconf 86' lang='lat' dir='ltr'>infer.</span> <span class='ocrx_word' id='word_1_209' title='bbox 369 1802 825 1858; x_wconf 75' lang='lat' dir='ltr'>oblongo-lanceolatis</span> <span class='ocrx_word' id='word_1_210' title='bbox 852 1803 897 1846; x_wconf 92' lang='lat' dir='ltr'>in</span> <span class='ocrx_word' id='word_1_211' title='bbox 923 1805 1130 1862; x_wconf 84' lang='lat' dir='ltr'>petiolum</span> <span class='ocrx_word' id='word_1_212' title='bbox 1163 1808 1417 1862; x_wconf 85' lang='lat' dir='ltr'>attenuatis,</span> <span class='ocrx_word' id='word_1_213' title='bbox 1461 1810 1626 1855; x_wconf 81' lang='lat' dir='ltr'>caeteris</span> <span class='ocrx_word' id='word_1_214' title='bbox 1662 1827 1686 1856; x_wconf 86' lang='lat' dir='ltr'>a</span> <span class='ocrx_word' id='word_1_215' title='bbox 1721 1814 1811 1858; x_wconf 87' lang='lat' dir='ltr'>basi</span> 
     </span>
     <span class='ocr_line' id='line_1_27' title="bbox 121 1861 1814 1920; baseline 0.006 -14"><span class='ocrx_word' id='word_1_216' title='bbox 121 1862 584 1906; x_wconf 81' lang='lat' dir='ltr'>cuneato-subcordata</span> <span class='ocrx_word' id='word_1_217' title='bbox 608 1861 853 1905; x_wconf 85' lang='lat' dir='ltr'>lanceolatis</span> <span class='ocrx_word' id='word_1_218' title='bbox 880 1862 1202 1920; x_wconf 86' lang='lat' dir='ltr'>linearibusque</span> <span class='ocrx_word' id='word_1_219' title='bbox 1231 1866 1365 1910; x_wconf 87' lang='lat' dir='ltr'>acutis</span> <span class='ocrx_word' id='word_1_220' title='bbox 1393 1868 1577 1915; x_wconf 81' lang='lat' dir='ltr'>strictis,</span> <span class='ocrx_word' id='word_1_221' title='bbox 1614 1871 1814 1917; x_wconf 85' lang='lat' dir='ltr'>dentibus</span> 
     </span>
     <span class='ocr_line' id='line_1_28' title="bbox 122 1920 1815 1980; baseline 0.006 -16"><span class='ocrx_word' id='word_1_222' title='bbox 122 1921 273 1979; x_wconf 90' lang='lat' dir='ltr'>calycis</span> <span class='ocrx_word' id='word_1_223' title='bbox 300 1920 545 1965; x_wconf 88' lang='lat' dir='ltr'>lanceolatis</span> <span class='ocrx_word' id='word_1_224' title='bbox 572 1920 775 1964; x_wconf 84' lang='lat' dir='ltr'>carinatis</span> <span class='ocrx_word' id='word_1_225' title='bbox 793 1921 987 1977; x_wconf 78' lang='lat' dir='ltr'>margine</span> <span class='ocrx_word' id='word_1_226' title='bbox 1005 1932 1184 1980; x_wconf 84' lang='lat' dir='ltr'>anguste</span> <span class='ocrx_word' id='word_1_227' title='bbox 1203 1925 1544 1971; x_wconf 86' lang='lat' dir='ltr'>membranaceis</span> <span class='ocrx_word' id='word_1_228' title='bbox 1561 1931 1815 1976; x_wconf 81' lang='lat' dir='ltr'>membrana</span> 
     </span>
     <span class='ocr_line' id='line_1_29' title="bbox 122 1978 1814 2044; baseline 0.007 -22"><span class='ocrx_word' id='word_1_229' title='bbox 122 1979 231 2023; x_wconf 87' lang='lat' dir='ltr'>infra</span> <span class='ocrx_word' id='word_1_230' title='bbox 271 1980 435 2038; x_wconf 88' lang='lat' dir='ltr'>apicem</span> <span class='ocrx_word' id='word_1_231' title='bbox 463 1978 754 2022; x_wconf 88' lang='lat' dir='ltr'>acuminatum</span> <span class='ocrx_word' id='word_1_232' title='bbox 783 1980 978 2035; x_wconf 75' lang='lat' dir='ltr'>evanida,</span> <span class='ocrx_word' id='word_1_233' title='bbox 1007 1995 1152 2038; x_wconf 86' lang='lat' dir='ltr'>ungue</span> <span class='ocrx_word' id='word_1_234' title='bbox 1186 1983 1366 2037; x_wconf 90' lang='lat' dir='ltr'>incluso,</span> <span class='ocrx_word' id='word_1_235' title='bbox 1403 1985 1561 2029; x_wconf 73' lang='lat' dir='ltr'>lamina</span> <span class='ocrx_word' id='word_1_236' title='bbox 1589 1993 1716 2044; x_wconf 74' lang='lat' dir='ltr'>parva</span> <span class='ocrx_word' id='word_1_237' title='bbox 1744 2005 1814 2035; x_wconf 90' lang='lat' dir='ltr'>ro-</span> 
     </span>
     <span class='ocr_line' id='line_1_30' title="bbox 123 2037 972 2095; baseline 0.001 -14"><span class='ocrx_word' id='word_1_238' title='bbox 123 2041 193 2082; x_wconf 77' lang='lat' dir='ltr'>sea</span> <span class='ocrx_word' id='word_1_239' title='bbox 219 2037 573 2095; x_wconf 82' lang='lat' dir='ltr'>oblongo-lineari</span> <span class='ocrx_word' id='word_1_240' title='bbox 602 2038 873 2094; x_wconf 72' lang='lat' dir='ltr'>subrepanda</span> <span class='ocrx_word' id='word_1_241' title='bbox 906 2045 972 2092; x_wconf 75' lang='grc' dir='ltr'>Θ.</span> 
     </span>
    </p>

    <p class='ocr_par' dir='ltr' id='par_1_10' title="bbox 124 2100 1817 2273">
     <span class='ocr_line' id='line_1_31' title="bbox 181 2100 1816 2161; baseline 0.007 -23"><span class='ocrx_word' id='word_1_242' title='bbox 181 2101 285 2139; x_wconf 88' lang='lat' dir='ltr'>Hab.</span> <span class='ocrx_word' id='word_1_243' title='bbox 313 2101 413 2139; x_wconf 83' lang='lat' dir='ltr'>inter</span> <span class='ocrx_word' id='word_1_244' title='bbox 437 2105 593 2149; x_wconf 74' lang='lat' dir='ltr'>segetes</span> <span class='ocrx_word' id='word_1_245' title='bbox 619 2100 742 2149; x_wconf 85' lang='lat' dir='ltr'>Syriae</span> <span class='ocrx_word' id='word_1_246' title='bbox 767 2102 850 2139; x_wconf 92' lang='lat' dir='ltr'>bor.</span> <span class='ocrx_word' id='word_1_247' title='bbox 878 2103 928 2140; x_wconf 87' lang='lat' dir='ltr'>ad</span> <span class='ocrx_word' id='word_1_248' title='bbox 954 2103 1121 2151; x_wconf 88' lang='lat' dir='ltr'>Alepp0‚</span> <span class='ocrx_word' id='word_1_249' title='bbox 1138 2103 1296 2149; x_wconf 87' lang='lat' dir='ltr'>Aintab,</span> <span class='ocrx_word' id='word_1_250' title='bbox 1318 2104 1413 2144; x_wconf 82' lang='lat' dir='ltr'>Orsa</span> <span class='ocrx_word' id='word_1_251' title='bbox 1438 2104 1669 2161; x_wconf 72' lang='lat' dir='ltr'>(Haussk2),</span> <span class='ocrx_word' id='word_1_252' title='bbox 1688 2124 1816 2161; x_wconf 86' lang='lat' dir='ltr'>prope</span> 
     </span>
     <span class='ocr_line' id='line_1_32' title="bbox 124 2152 1817 2219; baseline 0.008 -22"><span class='ocrx_word' id='word_1_253' title='bbox 124 2159 306 2198; x_wconf 83' lang='lat' dir='ltr'>Sidonem</span> <span class='ocrx_word' id='word_1_254' title='bbox 343 2152 546 2213; x_wconf 62' lang='lat' dir='ltr'>(Granni),</span> <span class='ocrx_word' id='word_1_255' title='bbox 586 2160 803 2198; x_wconf 79' lang='lat' dir='ltr'>Palaestinae</span> <span class='ocrx_word' id='word_1_256' title='bbox 843 2159 926 2211; x_wconf 84' lang='lat' dir='ltr'>(Ky</span> <span class='ocrx_word' id='word_1_257' title='bbox 953 2174 1034 2201; x_wconf 82' lang='lat' dir='ltr'>exs.</span> <span class='ocrx_word' id='word_1_258' title='bbox 1071 2160 1212 2214; x_wconf 76' lang='lat'>6931),</span> <span class='ocrx_word' id='word_1_259' title='bbox 1246 2165 1484 2204; x_wconf 84' lang='lat' dir='ltr'>Belutschiae</span> <span class='ocrx_word' id='word_1_260' title='bbox 1523 2172 1561 2205; x_wconf 89' lang='lat' dir='ltr'>et</span> <span class='ocrx_word' id='word_1_261' title='bbox 1598 2169 1817 2219; x_wconf 85' lang='lat' dir='ltr'>Affghaniae</span> 
     </span>
     <span class='ocr_line' id='line_1_33' title="bbox 127 2215 715 2273; baseline 0 -16"><span class='ocrx_word' id='word_1_262' title='bbox 127 2216 307 2272; x_wconf 78' lang='lat' dir='ltr'>(stockst</span> <span class='ocrx_word' id='word_1_263' title='bbox 333 2215 498 2273; x_wconf 76' lang='lat' dir='ltr'>Grifft).</span> <span class='ocrx_word' id='word_1_264' title='bbox 524 2219 583 2257; x_wconf 85' lang='lat' dir='ltr'>Fl.</span> <span class='ocrx_word' id='word_1_265' title='bbox 609 2231 715 2257; x_wconf 87' lang='lat' dir='ltr'>vere.</span> 
     </span>
    </p>
   </div>
   <div class='ocr_carea' id='block_1_6' title="bbox 185 2278 1813 2332">
    <p class='ocr_par' dir='ltr' id='par_1_11' title="bbox 185 2278 1813 2332">
     <span class='ocr_line' id='line_1_34' title="bbox 185 2278 1813 2332; baseline 0.009 -16"><span class='ocrx_word' id='word_1_266' title='bbox 185 2278 216 2316; x_wconf 92' lang='lat' dir='ltr'>A</span> <span class='ocrx_word' id='word_1_267' title='bbox 250 2279 487 2327; x_wconf 70' lang='lat' dir='ltr'>praecedenti</span> <span class='ocrx_word' id='word_1_268' title='bbox 514 2282 654 2327; x_wconf 84' lang='lat' dir='ltr'>praeter</span> <span class='ocrx_word' id='word_1_269' title='bbox 675 2279 850 2327; x_wconf 81' lang='lat' dir='ltr'>calycem</span> <span class='ocrx_word' id='word_1_270' title='bbox 873 2281 1014 2329; x_wconf 85' lang='lat' dir='ltr'>petalis</span> <span class='ocrx_word' id='word_1_271' title='bbox 1041 2282 1255 2322; x_wconf 86' lang='lat' dir='ltr'>minoribus</span> <span class='ocrx_word' id='word_1_272' title='bbox 1280 2285 1576 2332; x_wconf 84' lang='lat' dir='ltr'>angustioribus</span> <span class='ocrx_word' id='word_1_273' title='bbox 1615 2288 1813 2330; x_wconf 80' lang='lat' dir='ltr'>distincta.</span> 
     </span>
    </p>
   </div>
   <div class='ocr_carea' id='block_1_7' title="bbox 128 2424 1819 2842">
    <p class='ocr_par' dir='ltr' id='par_1_12' title="bbox 128 2424 1819 2773">
     <span class='ocr_line' id='line_1_35' title="bbox 185 2424 1816 2481; baseline 0.006 -13"><span class='ocrx_word' id='word_1_274' title='bbox 185 2424 237 2469; x_wconf 87' lang='lat' dir='ltr'>S.</span> <span class='ocrx_word' id='word_1_275' title='bbox 263 2424 528 2469; x_wconf 77' lang='lat' dir='ltr'>liniflora</span> <span class='ocrx_word' id='word_1_276' title='bbox 565 2424 717 2481; x_wconf 90' lang='lat' dir='ltr'>(Boiss.</span> <span class='ocrx_word' id='word_1_277' title='bbox 749 2432 790 2468; x_wconf 88' lang='lat' dir='ltr'>et</span> <span class='ocrx_word' id='word_1_278' title='bbox 817 2425 1048 2478; x_wconf 88' lang='lat' dir='ltr'>Hausskn.)</span> <span class='ocrx_word' id='word_1_279' title='bbox 1085 2426 1197 2471; x_wconf 87' lang='lat' dir='ltr'>foliis</span> <span class='ocrx_word' id='word_1_280' title='bbox 1224 2427 1349 2472; x_wconf 89' lang='lat' dir='ltr'>infer.</span> <span class='ocrx_word' id='word_1_281' title='bbox 1380 2429 1816 2478; x_wconf 76' lang='lat' dir='ltr'>lanceolam—lineari—</span> 
     </span>
     <span class='ocr_line' id='line_1_36' title="bbox 128 2481 1818 2546; baseline 0.008 -22"><span class='ocrx_word' id='word_1_282' title='bbox 128 2481 207 2526; x_wconf 87' lang='lat' dir='ltr'>bus</span> <span class='ocrx_word' id='word_1_283' title='bbox 235 2482 477 2536; x_wconf 89' lang='lat' dir='ltr'>sessilibus,</span> <span class='ocrx_word' id='word_1_284' title='bbox 522 2483 701 2527; x_wconf 89' lang='lat' dir='ltr'>caulinis</span> <span class='ocrx_word' id='word_1_285' title='bbox 737 2497 761 2526; x_wconf 85' lang='lat' dir='ltr'>a</span> <span class='ocrx_word' id='word_1_286' title='bbox 797 2483 888 2527; x_wconf 85' lang='lat' dir='ltr'>basi</span> <span class='ocrx_word' id='word_1_287' title='bbox 925 2484 1111 2528; x_wconf 86' lang='lat' dir='ltr'>breviter</span> <span class='ocrx_word' id='word_1_288' title='bbox 1146 2490 1327 2530; x_wconf 74' lang='lat' dir='ltr'>connata</span> <span class='ocrx_word' id='word_1_289' title='bbox 1363 2488 1818 2546; x_wconf 83' lang='lat' dir='ltr'>oblongo—lanceolatis</span> 
     </span>
     <span class='ocr_line' id='line_1_37' title="bbox 130 2540 1818 2607; baseline 0.008 -24"><span class='ocrx_word' id='word_1_290' title='bbox 130 2540 263 2585; x_wconf 84' lang='lat' dir='ltr'>acutis</span> <span class='ocrx_word' id='word_1_291' title='bbox 302 2540 475 2594; x_wconf 84' lang='lat' dir='ltr'>strictis,</span> <span class='ocrx_word' id='word_1_292' title='bbox 512 2541 716 2599; x_wconf 83' lang='lat' dir='ltr'>corymbo</span> <span class='ocrx_word' id='word_1_293' title='bbox 759 2543 899 2600; x_wconf 86' lang='lat' dir='ltr'>amplo</span> <span class='ocrx_word' id='word_1_294' title='bbox 940 2543 1197 2598; x_wconf 87' lang='lat' dir='ltr'>densissoro,</span> <span class='ocrx_word' id='word_1_295' title='bbox 1236 2545 1435 2590; x_wconf 85' lang='lat' dir='ltr'>dentibus</span> <span class='ocrx_word' id='word_1_296' title='bbox 1468 2549 1623 2607; x_wconf 85' lang='lat' dir='ltr'>calycis</span> <span class='ocrx_word' id='word_1_297' title='bbox 1650 2551 1818 2596; x_wconf 89' lang='lat' dir='ltr'>lanceo-</span> 
     </span>
     <span class='ocr_line' id='line_1_38' title="bbox 129 2598 1819 2668; baseline 0.008 -27"><span class='ocrx_word' id='word_1_298' title='bbox 129 2598 223 2642; x_wconf 80' lang='lat' dir='ltr'>latis</span> <span class='ocrx_word' id='word_1_299' title='bbox 249 2599 449 2643; x_wconf 81' lang='lat' dir='ltr'>carinatis</span> <span class='ocrx_word' id='word_1_300' title='bbox 476 2599 729 2644; x_wconf 76' lang='lat' dir='ltr'>acuminatis</span> <span class='ocrx_word' id='word_1_301' title='bbox 755 2600 844 2644; x_wconf 86' lang='lat' dir='ltr'>fere</span> <span class='ocrx_word' id='word_1_302' title='bbox 871 2601 922 2645; x_wconf 87' lang='lat' dir='ltr'>ad</span> <span class='ocrx_word' id='word_1_303' title='bbox 950 2601 1114 2659; x_wconf 90' lang='lat' dir='ltr'>apicem</span> <span class='ocrx_word' id='word_1_304' title='bbox 1135 2617 1272 2660; x_wconf 91' lang='lat' dir='ltr'>usque</span> <span class='ocrx_word' id='word_1_305' title='bbox 1290 2605 1647 2664; x_wconf 84' lang='lat' dir='ltr'>membranaceis,</span> <span class='ocrx_word' id='word_1_306' title='bbox 1675 2624 1819 2668; x_wconf 84' lang='lat' dir='ltr'>ungue</span> 
     </span>
     <span class='ocr_line' id='line_1_39' title="bbox 132 2656 1818 2718; baseline 0.008 -19"><span class='ocrx_word' id='word_1_307' title='bbox 132 2656 396 2711; x_wconf 81' lang='lat' dir='ltr'>subexserto,</span> <span class='ocrx_word' id='word_1_308' title='bbox 430 2658 588 2702; x_wconf 74' lang='lat' dir='ltr'>lamina</span> <span class='ocrx_word' id='word_1_309' title='bbox 615 2662 737 2702; x_wconf 75' lang='lat' dir='ltr'>rosea</span> <span class='ocrx_word' id='word_1_310' title='bbox 763 2659 1153 2718; x_wconf 80' lang='lat' dir='ltr'>obovato-oblonga</span> <span class='ocrx_word' id='word_1_311' title='bbox 1180 2661 1270 2705; x_wconf 90' lang='lat' dir='ltr'>basi</span> <span class='ocrx_word' id='word_1_312' title='bbox 1297 2662 1508 2708; x_wconf 89' lang='lat' dir='ltr'>intensius</span> <span class='ocrx_word' id='word_1_313' title='bbox 1535 2668 1722 2712; x_wconf 75' lang='lat' dir='ltr'>colorata</span> <span class='ocrx_word' id='word_1_314' title='bbox 1749 2684 1818 2713; x_wconf 89' lang='lat' dir='ltr'>ca-</span> 
     </span>
     <span class='ocr_line' id='line_1_40' title="bbox 131 2715 628 2773; baseline 0.004 -15"><span class='ocrx_word' id='word_1_315' title='bbox 131 2715 221 2773; x_wconf 82' lang='lat' dir='ltr'>lyce</span> <span class='ocrx_word' id='word_1_316' title='bbox 246 2716 311 2759; x_wconf 87' lang='lat' dir='ltr'>vix</span> <span class='ocrx_word' id='word_1_317' title='bbox 338 2715 532 2760; x_wconf 90' lang='lat' dir='ltr'>breviore</span> <span class='ocrx_word' id='word_1_318' title='bbox 563 2722 628 2768; x_wconf 77' lang='grc' dir='ltr'>Θ.</span> 
     </span>
    </p>

    <p class='ocr_par' dir='ltr' id='par_1_13' title="bbox 192 2778 1819 2842">
     <span class='ocr_line' id='line_1_41' title="bbox 192 2778 1819 2842; baseline 0.009 -27"><span class='ocrx_word' id='word_1_319' title='bbox 192 2778 293 2817; x_wconf 86' lang='lat' dir='ltr'>Hab.</span> <span class='ocrx_word' id='word_1_320' title='bbox 311 2779 348 2816; x_wconf 92' lang='lat' dir='ltr'>in</span> <span class='ocrx_word' id='word_1_321' title='bbox 362 2780 560 2827; x_wconf 82' lang='lat' dir='ltr'>segetibus</span> <span class='ocrx_word' id='word_1_322' title='bbox 577 2779 874 2828; x_wconf 64' lang='lat' dir='ltr'>Mesopotamiae</span> <span class='ocrx_word' id='word_1_323' title='bbox 896 2782 995 2818; x_wconf 89' lang='lat' dir='ltr'>inter</span> <span class='ocrx_word' id='word_1_324' title='bbox 1021 2780 1116 2820; x_wconf 86' lang='lat' dir='ltr'>Orsa</span> <span class='ocrx_word' id='word_1_325' title='bbox 1141 2787 1178 2821; x_wconf 88' lang='lat' dir='ltr'>et</span> <span class='ocrx_word' id='word_1_326' title='bbox 1195 2783 1351 2822; x_wconf 83' lang='lat' dir='ltr'>Karran</span> <span class='ocrx_word' id='word_1_327' title='bbox 1370 2785 1610 2842; x_wconf 83' lang='lat' dir='ltr'>(Hausskl).</span> <span class='ocrx_word' id='word_1_328' title='bbox 1636 2788 1695 2828; x_wconf 86' lang='lat' dir='ltr'>Fl.</span> <span class='ocrx_word' id='word_1_329' title='bbox 1715 2803 1819 2829; x_wconf 89' lang='lat' dir='ltr'>vere.</span> 
     </span>
    </p>
   </div>
   <div class='ocr_carea' id='block_1_8' title="bbox 134 2837 1820 2947">
    <p class='ocr_par' dir='ltr' id='par_1_14' title="bbox 134 2837 1820 2947">
     <span class='ocr_line' id='line_1_42' title="bbox 194 2837 1820 2900; baseline 0.009 -26"><span class='ocrx_word' id='word_1_330' title='bbox 194 2837 316 2887; x_wconf 77' lang='lat' dir='ltr'>Calyx</span> <span class='ocrx_word' id='word_1_331' title='bbox 346 2838 607 2887; x_wconf 72' lang='lat' dir='ltr'>praecedentis</span> <span class='ocrx_word' id='word_1_332' title='bbox 634 2839 702 2877; x_wconf 89' lang='lat' dir='ltr'>sed</span> <span class='ocrx_word' id='word_1_333' title='bbox 741 2839 856 2878; x_wconf 84' lang='lat' dir='ltr'>latius</span> <span class='ocrx_word' id='word_1_334' title='bbox 890 2841 1236 2892; x_wconf 84' lang='lat' dir='ltr'>membranaceus,</span> <span class='ocrx_word' id='word_1_335' title='bbox 1271 2844 1481 2892; x_wconf 80' lang='lat' dir='ltr'>corymbus</span> <span class='ocrx_word' id='word_1_336' title='bbox 1503 2848 1623 2886; x_wconf 88' lang='lat' dir='ltr'>multo</span> <span class='ocrx_word' id='word_1_337' title='bbox 1649 2848 1820 2900; x_wconf 87' lang='lat' dir='ltr'>densior,</span> 
     </span>
     <span class='ocr_line' id='line_1_43' title="bbox 134 2896 952 2947; baseline 0.001 -13"><span class='ocrx_word' id='word_1_338' title='bbox 134 2897 265 2945; x_wconf 82' lang='lat' dir='ltr'>petala</span> <span class='ocrx_word' id='word_1_339' title='bbox 288 2897 567 2936; x_wconf 81' lang='lat' dir='ltr'>diversissima.</span> <span class='ocrx_word' id='word_1_340' title='bbox 592 2896 755 2947; x_wconf 80' lang='lat' dir='ltr'>Species</span> <span class='ocrx_word' id='word_1_341' title='bbox 778 2898 952 2947; x_wconf 77' lang='lat' dir='ltr'>elegans.</span> 
     </span>
    </p>
   </div>
  </div>
 </body>
</html>
