2021 3235
865 166 949 210 125

126 321 190 363 H.
218 319 655 376 grandissorum
694 320 861 376 (Benth.
904 321 1033 366 Catal.
1074 325 1166 383 Pyr.
1198 341 1238 384 p.
1270 329 1344 385 91)
1374 333 1569 377 caulibus
1596 350 1740 380 ascen-

69 377 267 421 dentibus
295 379 357 420 vel
391 378 570 431 erectis,
606 379 758 435 sepelis
785 380 1048 436 longiuscule
1085 386 1337 429 acuminatis
1379 389 1568 446 integris,
1598 398 1743 450 petalis

68 435 324 479 aurantiacis
354 435 632 480 interioribus
673 437 913 481 minoribus
956 440 1174 497 tripartitis
1215 445 1367 489 lacinia
1394 449 1643 494 intermedia
1671 455 1744 496 sti-

64 493 196 551 pitata
221 493 546 538 cocheariformi
574 495 830 539 subcordata
856 501 997 541 retusa
1023 499 1162 543 ciliata
1178 502 1423 548 lateralibus
1440 506 1639 562 breviori,
1670 526 1743 554 an—

65 552 198 596 theris
229 552 435 608 elongatis
471 553 734 607 linearibus,
769 553 935 612 siliquis
972 558 1123 601 erectis
1157 562 1340 605 arcuatis
1381 563 1744 620 longitudinaliter

65 610 223 654 striatis
248 611 504 668 compressis
533 612 733 655 torulosis
761 612 951 657 articulis
977 615 1041 658 vix
1060 618 1354 663 secedentibus
1385 627 1450 672 Θ.

121 681 221 719 Hab.
255 682 293 718 in
318 680 485 719 collibus
510 681 625 720 siccis
643 680 805 720 Graeciae
829 682 867 719 in
885 682 1017 723 Attica
1041 689 1077 723 et
1110 686 1299 735 Argolide
1333 689 1532 740 (Sprun!),
1568 696 1744 744 Byzantii

65 732 194 794 (Noel
217 741 246 791 ),
271 740 453 778 Anatolia
491 740 628 793 (Auch.
655 752 738 779 exs.
762 739 866 781 587!
883 745 907 790 ),
934 744 984 781 ad
1007 743 1211 794 Smyrnam
1247 747 1334 798 (Bal
1351 748 1360 788 l
1377 748 1407 802 ),
1435 751 1472 787 in
1498 752 1744 802 Cappadocia

62 799 303 853 (quSuppl.
335 796 486 853 2751),
523 799 637 848 Syria
666 801 716 838 ad
752 800 906 849 Aleppo
934 800 1012 855 (Ky
1049 805 1101 852 pl.
1137 803 1252 846 1855
1281 819 1362 847 exs.
1393 807 1440 848 5!
1478 811 1683 851 Hausskn!
1705 816 1742 865 ),

60 859 99 896 in
118 858 345 897 Antilibano
371 858 543 911 (Gai11!)‚
568 860 617 897 ad
634 858 817 898 Sidonem
838 860 898 912 <Bt
915 858 962 915 l),
988 863 1025 900 in
1049 863 1246 903 Palestina
1270 865 1388 919 (Roth
1408 867 1449 918 Σ),
1466 869 1594 919 Cypro
1610 873 1728 925 (Kyl)

60 917 97 955 in
122 929 234 966 prov.
263 917 613 957 Transcaucasicis
640 917 825 971 (Szowl).
850 919 910 957 Fl.
935 933 1044 959 vere.
1733 905 1741 924 ⁷

117 993 243 1032 Valde
267 993 380 1031 affine
406 994 644 1042 praecedenti
669 994 798 1032 diflert
823 996 933 1033 caule
958 998 1239 1050 erectiusculo,
1264 1001 1368 1040 foliis
1401 1005 1524 1053 magis
1563 1007 1742 1047 dissectis

57 1052 208 1091 laciniis
232 1053 489 1102 longioribus,
513 1053 676 1092 floribus
703 1054 918 1103 majoribus
944 1055 1134 1096 intensius
1171 1061 1377 1112 coloratis,
1405 1064 1577 1103 antheris
1611 1064 1744 1119 1¹s2-2

58 1112 204 1150 millim.
230 1124 302 1150 nec
326 1111 346 1151 1
376 1112 469 1151 mill.
495 1113 635 1162 longis,
663 1113 814 1161 siliquis
841 1114 904 1151 vix
936 1114 972 1152 in
997 1117 1184 1155 articulos
1209 1120 1493 1160 secedentibus.
1521 1124 1741 1165 Filamenta

56 1175 97 1210 ut
120 1171 158 1209 in
180 1172 415 1220 praecedenti
433 1183 588 1221 semper
610 1184 634 1210 a
657 1172 742 1211 basi
765 1173 910 1210 sensim
935 1179 1143 1222 angustata
1167 1181 1205 1214 et
1230 1174 1450 1218 lanceolata
1468 1182 1559 1220 vidi.

113 1235 188 1276 Ar.
214 1236 375 1287 Geogr.
401 1238 609 1287 Hispania,
636 1237 766 1276 Gallia
790 1239 991 1277 australis.

111 1394 176 1447 H.
207 1393 472 1438 imberbe
499 1392 651 1449 (Sibth.
684 1393 742 1436 Fl.
773 1393 907 1437 Graec.
939 1395 1024 1438 tab.
1056 1394 1158 1453 156)
1187 1398 1378 1441 caulibus
1404 1403 1734 1448 ascendentibus

53 1452 116 1495 vel
141 1452 379 1509 prostratis,
408 1452 561 1509 sepalis
579 1452 779 1505 dentatis,
799 1452 947 1508 petalis
975 1453 1092 1497 ssavis
1110 1455 1385 1500 interioribus
1402 1459 1640 1504 minoribus
1661 1464 1734 1505 tri·

51 1510 217 1567 partitis
244 1509 334 1553 basi
360 1510 558 1554 violaceis
598 1510 753 1554 la‘cinia
780 1510 1034 1555 intermedia
1076 1512 1263 1569 stipitata
1298 1517 1588 1572 cymbaeformi
1622 1534 1734 1563 mar-

52 1568 151 1625 gine
178 1568 360 1624 integra,
390 1568 554 1626 siliquis
572 1569 725 1613 erectis
741 1569 1005 1613 tenuissimis
1024 1572 1207 1614 arcuatis
1234 1564 1596 1629 longitudinaliter
1613 1579 1734 1622 stria-

54 1626 106 1671 tis
137 1632 202 1679 Θ.
234 1627 290 1669 Η.
319 1632 468 1684 patens
494 1627 639 1671 Willd.
671 1627 790 1671 Hort.
820 1628 956 1672 Berol.
990 1629 1074 1672 tab.
1106 1629 1171 1672 5.-

113 1698 213 1736 Hab.
241 1699 277 1735 in
309 1699 484 1736 arenosis
509 1699 714 1736 maritimis
739 1698 905 1747 AEgypti
929 1699 979 1737 ad
1012 1700 1289 1738 Alexandriam
1314 1701 1471 1751 (Forsk.
1496 1704 1582 1743 Del.
1608 1706 1730 1745 Auch.

50 1768 137 1795 exs.
166 1755 275 1797 585!
302 1752 536 1812 Samariti),
560 1758 611 1795 ad
635 1757 817 1796 Aboukir
840 1757 1059 1810 (Kralikl),
1088 1759 1206 1808 Cypri
1236 1758 1418 1810 (Sibth.),
1441 1762 1658 1804 Palaestinae
1683 1767 1732 1804 ad

52 1815 160 1857 Gaza
186 1816 379 1867 (Boissl).
404 1816 465 1855 Fl.
489 1828 594 1854 vere.

110 1885 250 1924 Differt
271 1898 294 1922 a
323 1885 634 1934 praecclsntibus
669 1885 822 1923 laciniis
862 1886 1102 1925 abbreviatis
1141 1886 1343 1938 foliorum3
1377 1890 1593 1937 petalorum
1618 1893 1731 1932 inter.

52 1942 178 1983 forma
214 1949 251 1982 et
288 1945 503 1993 praesertim
535 1945 679 1993 siliqua
703 1948 745 1982 ut
783 1944 821 1982 in
844 1945 892 1983 H.
922 1943 1075 1985 Geelim‘
1111 1946 1337 1984 tenuissima
1374 1948 1423 1986 ad
1458 1950 1643 1989 articulos
1669 1953 1733 1989 vix

53 2003 282 2042 incrassata.
309 2002 366 2041 Ol.
393 2003 526 2041 Willd.
554 2004 685 2052 petala
701 2004 812 2041 inter.
840 2005 1025 2052 bipartita
1049 2017 1122 2043 nec
1144 2005 1340 2054 tripartita
1366 2006 1522 2046 exhibet
1546 2011 1649 2057 quod
1673 2023 1732 2048 er-

53 2062 130 2100 rori
157 2074 177 2100 e
201 2063 295 2101 flore
321 2074 458 2101 manco
493 2066 577 2100 orto
617 2066 721 2101 certe
755 2063 1014 2101 tribuendum.
1044 2086 1093 2093 —
1121 2064 1171 2101 H.
1206 2064 1374 2103 litterale
1399 2066 1515 2105 Wulf.
1540 2068 1650 2117 Jacq.
1676 2070 1730 2107 Ic.

52 2133 128 2160 rar.
152 2123 231 2161 tab.
255 2119 343 2162 509
366 2123 506 2170 petalis
531 2122 709 2160 omnibus
741 2122 920 2160 indivisis
954 2123 1140 2162 donatum
1178 2127 1217 2161 et
1248 2124 1286 2160 in
1327 2124 1480 2165 Graecia
1520 2126 1732 2166 indicatum

53 2192 247 2230 nunquam
277 2181 370 2219 vidi.

351 2346 375 2369 ὕ
407 2345 430 2368 ³*
463 2346 601 2384 Petala
625 2346 821 2385 exteriora
842 2346 1224 2395 elliptico-rhombea
1243 2348 1407 2396 integra.

112 2467 177 2510 H.
204 2465 529 2522 pendulum
557 2465 620 2521 (L.
651 2464 720 2521 Sp.
766 2464 878 2522 181>
916 2465 1109 2509 caulibus
1141 2467 1313 2520 erectis,
1343 2466 1507 2510 laciniis
1532 2467 1729 2512 folior-um

55 2523 423 2578 lineari-setaceis,
451 2524 600 2581 petalis
618 2522 735 2566 ssavis
760 2523 1040 2567 interioribus
1067 2524 1389 2568 subminoribus
1425 2525 1646 2582 tripartitis
1676 2528 1731 2571 la-

57 2581 167 2626 cinia
199 2582 451 2626 intermedia
493 2581 693 2639 petiolata
733 2581 1048 2635 suborbiculari
1081 2582 1242 2636 ciliata,
1278 2582 1441 2640 siliquis
1469 2584 1731 2628 rectiusculis

58 2640 249 2685 refractis
279 2639 759 2698 fusiformi-cylindricis
801 2639 988 2683 obsolete
1030 2639 1101 2683 2-ss
1143 2641 1312 2684 costatis
1354 2648 1507 2698 praeter
1546 2649 1730 2685 rostrum

58 2699 226 2742 tandem
251 2698 479 2743 deciduum
505 2697 572 2740 vix
596 2699 660 2741 vel
687 2711 783 2742 sero
806 2697 850 2740 in
877 2698 1077 2741 articulos
1103 2699 1396 2742 secedentibus
1417 2705 1482 2751 O.
1506 2699 1561 2743 Ic.
1587 2699 1728 2744 Lobel.

57 2755 141 2801 743
165 2757 235 2814 fig.
267 2756 308 2800 2.
337 2756 394 2800 H.
427 2755 704 2800 Caucasicum
727 2755 764 2799 J.
796 2755 910 2799 Koch
937 2756 980 2799 in
1008 2756 1160 2800 Ledeb.
1192 2756 1251 2799 Fl.
1284 2757 1402 2820 Ross3
1434 2757 1467 2812 Ι,
1496 2771 1535 2814 p.
1566 2757 1636 2800 94.

118 2829 222 2866 Hab.
260 2827 298 2865 in
339 2827 453 2866 cultis
486 2825 647 2865 Graeciae
676 2826 726 2864 ad
763 2825 923 2864 Eleusin
963 2823 1176 2880 (Heldrl),
1211 2827 1316 2865 Asiae
1341 2828 1498 2866 minoris
1535 2829 1573 2867 iu
1602 2828 1730 2876 Lydia

60 2880 281 2941 (Bourg!)‚
312 2885 427 2925 Caria
458 2885 676 2937 (Roiani),
707 2884 822 2934 Syria.
857 2884 907 2923 ad
935 2884 1091 2935 Aleppo
1119 2889 1157 2923 et
1187 2886 1422 2925 Damascum
1457 2882 1575 2942 (Kyi
1607 2886 1730 2926 Gaius

57 2944 310 2997 Haussan),
333 2944 483 2984 Arabia
504 2945 651 2994 petrns
683 2942 886 2995 (Schimpi
919 2943 1101 2994 Boissi),
1134 2943 1281 2983 Tauria
1304 2949 1343 2984 et
1365 2956 1475 2986 prov,
1510 2943 1732 2984 canonicis
