2021 3235
903 118 985 162 347

159 267 238 310 AE.
272 265 642 321 diastrophis
681 266 845 322 (Bunge
880 266 966 310 Cat.
1007 267 1117 311 Sem.
1155 262 1274 311 Hort.
1306 269 1475 325 Dorpat.
1508 269 1638 321 1841,
1666 285 1706 326 p.
1740 270 1781 321 7>

103 323 294 367 caulibus
330 322 531 366 tenuibus
567 337 692 380 parce
728 324 925 379 ramosis,
969 325 1079 369 foliis
1105 326 1564 382 oblongo-linearibus,
1606 327 1783 370 ssoi'ibus

103 381 294 434 minutis,
323 381 551 424 filamentis
574 382 808 439 majoribus
827 383 1054 437 edentulis,
1075 397 1243 427 racemo
1263 384 1479 427 fructifero
1497 385 1779 437 mevinec-010,

103 439 279 484 siliculis
319 439 475 483 strictis
516 439 647 483 ovatis
689 440 778 483 basi
817 449 856 484 et
891 441 1010 498 apice
1046 442 1201 486 retusis
1234 442 1287 484 ob
1316 444 1402 486 alas
1430 443 1782 499 radiato-plicatas

101 498 310 555 profunde
351 498 541 556 dentatas
582 499 722 541 loculo
763 499 962 556 utrinque
1006 500 1257 544 sublatiores
1294 501 1343 543 ad
1370 501 1478 544 latus
1506 515 1628 544 axeos
1656 501 1781 544 flexas

103 556 314 610 convexis,
342 557 446 614 stylo
473 556 569 600 sinu
598 557 864 600 subbreviori
892 567 928 608 5.
960 559 1232 616 Diastrophz's
1258 560 1435 602 cristata
1462 559 1506 601 F.
1538 566 1579 602 et
1605 559 1655 601 Μ.
1687 560 1776 602 Ind.

103 614 221 658 Hort.
254 614 422 672 Petrop.
456 615 510 668 ΙΙ,
540 629 581 671 p.
612 614 683 658 35.

160 685 260 723 Hab.
285 686 324 723 in
347 686 541 724 montibus
564 686 758 724 Armeniae
783 686 957 726 Rossicae
980 687 1159 737 (Szowits
1185 700 1266 726 exe.
1295 680 1442 738 5583).

160 752 421 801 SemipedaIe,
445 753 567 791 facies
592 757 630 791 et
650 754 744 792 folia
768 754 820 792 AE
853 756 1059 804 pulelaelli,
1090 757 1250 795 siliculae
1284 757 1403 794 multo
1439 756 1607 793 minores
1644 753 1782 810 2-2112

101 812 225 850 lineas
249 813 374 860 longae
398 813 471 850 alis
506 824 607 860 saepe
633 814 681 850 ad
716 814 883 851 medium
909 826 1032 863 usque
1058 815 1095 852 in
1127 816 1263 853 dentes
1299 819 1434 853 acutos
1466 816 1587 865 fissis3
1611 816 1785 853 radicnla

103 871 401 920 cotyledonibus
427 872 583 920 oblique
608 872 849 911 incumbens.

159 1011 240 1054 ΖΕ.
271 1011 596 1055 Armenum
630 1010 780 1067 (Boiss.
812 1012 919 1053 Ann.
951 1011 1014 1054 Sc.
1047 1010 1140 1054 Nat.
1171 1011 1301 1063 1841,
1332 1025 1374 1067 p.
1407 1010 1506 1065 191)
1541 1010 1784 1053 multicaule

103 1067 293 1111 caulibus
321 1068 474 1111 erectis
501 1068 763 1125 simplicibus
791 1069 979 1126 pumilis,
1012 1068 1122 1112 foliis
1149 1069 1347 1112 brevibus
1374 1069 1605 1111 linearibus
1632 1068 1782 1121 acum,

100 1125 279 1169 floribus
305 1126 497 1180 minutis,
526 1127 754 1170 filamentis
782 1127 1017 1184 majoribus
1044 1127 1209 1170 inferne
1237 1127 1424 1170 dilatatis
1447 1126 1674 1179 edentulis,
1715 1140 1783 1169 ra-

102 1184 231 1227 cemis
259 1184 488 1228 fructiferis
515 1185 788 1239 abbreviatis,
818 1185 992 1229 siliculis
1020 1186 1208 1229 obovatis
1236 1185 1325 1228 basi
1354 1185 1516 1228 obtusis
1544 1184 1661 1241 apice
1689 1184 1783 1227 sinu

102 1243 184 1286 lato
211 1243 361 1286 obtuso
389 1244 680 1301 emarginatis,
710 1244 785 1287 alis
813 1244 994 1287 crenatis
1020 1244 1221 1301 utrinque
1249 1245 1386 1287 loculo
1413 1243 1652 1296 latioribus,
1682 1244 1785 1301 stylo

102 1301 197 1344 sinu
225 1301 409 1345 breviori
433 1310 470 1352 5.
501 1303 576 1346 AE.
603 1303 894 1360 polyyaloides
922 1302 1074 1346 Ledeb.
1107 1302 1167 1345 Fl.
1198 1303 1317 1346 Ross.
1350 1302 1383 1355 I,
1414 1316 1454 1359 p.
1485 1301 1568 1344 0209
1596 1314 1681 1344 non
1715 1314 1780 1344 Dc.

160 1373 260 1412 Hab.
286 1375 322 1411 in
348 1375 540 1413 montibus
564 1374 758 1413 Armeniae
791 1375 968 1414 Turcicae
990 1373 1134 1422 (Auch.
1172 1386 1254 1412 exs.
1284 1370 1371 1413 544
1387 1375 1393 1410 !
1410 1373 1447 1423 )‚
1474 1372 1658 1410 Armenia
1681 1373 1782 1410 Ros-

104 1432 188 1470 sica
210 1432 390 1481 (Nordm.
416 1434 455 1471 in
479 1433 587 1473 herb.
617 1434 751 1473 Ledeb
769 1433 777 1473 !
796 1434 834 1484 )‚
862 1438 992 1472 monte
1019 1433 1190 1482 Alidagh
1217 1432 1473 1482 Cappadooiae
1497 1432 1642 1482 (Ball),
1668 1432 1707 1468 in
1732 1432 1783 1469 la-

105 1491 254 1540 pidosis
278 1492 377 1530 inter
401 1493 544 1531 Aintab
570 1497 608 1531 et
630 1493 744 1532 Nisib
767 1487 997 1545 (Hausskl).

163 1560 303 1598 Planta
323 1559 402 1601 5-4
438 1562 652 1610 pollicaris,
679 1562 797 1598 flores
829 1563 987 1609 magnit.
1013 1562 1077 1600 AE.
1104 1561 1314 1607 saoeate'lz's,
1340 1560 1491 1598 silicula
1524 1560 1589 1596 vix
1612 1557 1639 1596 2
1664 1558 1786 1595 lineas

107 1619 237 1668 longa.
264 1620 403 1660 Differt
426 1622 474 1660 ab
500 1621 564 1660 AE.
597 1621 789 1671 pulchello
810 1621 971 1660 floribus
996 1621 1141 1669 parvis,
1168 1620 1327 1659 siliculae
1357 1619 1440 1657 sinu
1466 1619 1544 1656 lato
1580 1619 1718 1656 obtuso
1745 1620 1786 1653 et

108 1679 213 1727 stylo
242 1680 441 1729 elongato.

164 1818 244 1861 [Ε.
278 1818 689 1863 coridifoliurn
716 1828 801 1874 (nc.
842 1818 949 1875 Syst.
990 1818 1043 1869 ll,
1081 1831 1122 1874 p.
1162 1815 1264 1872 561)
1309 1815 1552 1857 multicaule
1596 1811 1786 1855 caulibus

108 1874 305 1918 brevibus
340 1876 604 1933 simplicibus
637 1877 948 1929 crassiusculiS,
991 1875 1101 1918 soliis
1142 1873 1303 1917 crebris
1344 1872 1544 1915 brevibus
1584 1871 1787 1934 oblongo-

107 1932 338 1977 linearibus
364 1936 428 1978 vel
454 1935 689 1979 linearibus
717 1936 880 1979 obtusis
907 1935 969 1977 vel
998 1933 1287 1984 munusculis,
1317 1931 1494 1973 (loribus
1522 1929 1785 1985 majusculis,

108 1991 334 2035 filamentis
361 1993 595 2049 majoribus
621 2009 644 2037 a
670 1994 761 2037 basi
790 1995 840 2037 ad
869 1993 1058 2036 medium
1085 1991 1266 2034 dilatatis
1302 2003 1482 2046 superne
1515 1988 1702 2050 abrupte
1727 1992 1788 2050 at-

107 2050 290 2094 tenuatis
318 2052 543 2105 edentulis,
587 2066 757 2095 racemo
798 2051 1016 2094 fructifero
1057 2050 1173 2092 brevi
1215 2050 1372 2101 denso,
1417 2045 1591 2089 siliculis
1632 2050 1787 2086 siricus

108 2108 504 2165 obovato-oblongis
539 2110 629 2154 basi
667 2109 820 2153 retusis
857 2109 975 2165 apice
1002 2107 1276 2164 emarginatis
1304 2106 1356 2148 ob
1385 2106 1470 2148 alas
1498 2104 1684 2159 integras
1711 2114 1784 2143 an-

107 2172 250 2222 gustas
283 2167 333 2210 ad
360 2168 470 2211 latus
497 2182 621 2212 axeos
648 2169 775 2211 flexas
802 2165 1168 2225 cymbiformibus,
1198 2165 1303 2222 stylo
1331 2163 1426 2205 sinu
1454 2168 1630 2217 angusto
1655 2160 1786 2201 multo

108 2224 292 2268 breviori
321 2233 356 2275 5.
391 2226 446 2269 lc.
469 2226 557 2270 Del.
579 2222 634 2280 H,
653 2227 739 2269 tab.
762 2225 816 2269 76
845 2225 1024 2281 (silicula
1052 2224 1257 2280 excepta).
1288 2221 1512 2278 Lepislz'mn
1531 2219 1787 2274 leiocarpum

110 2295 176 2327 Dc.
206 2283 311 2341 Syst.
342 2284 396 2339 Π,
425 2298 465 2341 p.
493 2284 593 2329 536.
626 2285 762 2328 Iberis
779 2284 977 2342 jucunda
1002 2282 1146 2326 Schott
1172 2288 1213 2324 et
1239 2281 1298 2337 ΚΥ
1326 2280 1381 2336 pl.
1413 2278 1502 2321 exs!

167 2354 267 2404 Hah.
283 2355 320 2391 in
336 2355 524 2392 calcareis
541 2355 682 2403 alpinis
705 2354 843 2392 Libani
862 2354 963 2391 inter
980 2352 1089 2390 Eden
1110 2355 1147 2388 et
1165 2350 1372 2391 Oedretum
1398 2347 1541 2399 (Labill
1562 2345 1570 2384 l
1592 2343 1783 2382 Blanchc!

108 2413 221 2450 Boiss
235 2413 275 2463 1),
301 2413 338 2450 in
362 2413 494 2451 Tauro
521 2414 680 2452 Cilicico
707 2414 755 2450 ad
782 2412 908 2451 Gulek
936 2411 1100 2449 Maaden
1129 2410 1213 2460 (Bal
1230 2409 1272 2458 !),
1308 2411 1437 2444 monte
1464 2403 1686 2453 Berytdagh
1715 2402 1783 2440 Ca—

108 2472 249 2510 taoniae
284 2473 350 2510 alt.
388 2471 527 2513 9000'
553 2470 784 2525 (Hausskl).
818 2471 1039 2520 Specimina
1063 2468 1317 2515 Kotscliyana
1342 2464 1512 2503 florifera
1550 2475 1597 2500 ex
1628 2463 1784 2499 Kassan

110 2530 210 2581 Oglu
236 2530 380 2571 Ciliciae
400 2532 585 2571 Kurdicae
606 2543 686 2570 exe.
707 2530 786 2570 55!
809 2534 847 2568 et
869 2524 975 2569 115!
1006 2530 1076 2568 sub
1101 2528 1165 2566 AE.
1188 2525 1377 2576 pnlcltello
1401 2524 1475 2561 liuc
1500 2533 1652 2571 quoque
1675 2531 1784 2568 spec.-

108 2593 192 2628 tare
215 2591 407 2630 videntur.

167 2657 397 2696 Floriferum
429 2658 493 2696 AE.
519 2658 709 2707 pulchello
734 2657 858 2694 simile
891 2655 960 2693 sed
985 2658 1125 2702 praeter
1151 2652 1243 2689 folia
1273 2650 1503 2689 abbreviata
1527 2646 1687 2685 siliculae
1712 2656 1785 2680 an-

108 2720 221 2766 guste
244 2718 354 2755 alatae
378 2717 693 2766 cymbaeformes3
719 2728 773 2753 eae
798 2715 920 2753 iconis
948 2712 1207 2750 Lessertianae
1233 2711 1357 2748 citatae
1384 2709 1432 2746 ad
1458 2707 1520 2744 AE.
1547 2703 1784 2755 pulchellum

110 2780 301 2823 spectant.

168 2897 246 2938 ΖΕ.
277 2896 640 2940 schistosum
676 2894 826 2948 (Boiss.
860 2901 894 2934 el
926 2893 982 2947 Ix'y
1011 2891 1155 2943 Diagn.
1188 2890 1275 2931 Ser.
1312 2888 1362 2937 ll,
1393 2886 1439 2936 V,
1470 2900 1507 2942 p.
1539 2884 1612 2936 4⁹2)
1643 2883 1783 2925 mulli—
