2021 3235
1022 97 1106 143 268

266 215 328 256 A.
354 214 617 269 alpestre
645 214 708 270 (L.
734 214 859 257 Mant.
883 212 957 270 92)
986 213 1251 257 herbaceum
1277 215 1340 257 vel
1367 214 1458 258 basi
1487 216 1813 270 suffrutescens,
1844 218 1907 261 fo-

209 271 277 314 liis
304 271 493 314 obovatis
519 273 582 314 vel
609 272 805 329 oblongis
833 272 1130 329 superioribus
1157 286 1269 329 saepe
1297 273 1806 328 lanceolam-linearibus,
1835 290 1908 332 pe-

213 329 305 372 talis
331 330 522 373 obovatis
550 330 765 374 interdum
795 330 949 374 retusis
967 366 976 383 ,
1019 330 1248 374 filamentis
1283 331 1518 389 majoribus
1547 334 1598 376 ad
1626 334 1817 377 medium
1845 335 1909 377 vel

212 389 337 444 paulo
366 388 542 431 inferius
569 389 879 432 unilateraliter
905 389 1025 432 alatis
1053 390 1117 432 ala
1144 390 1298 433 adnata
1325 390 1443 446 apice
1471 391 1624 446 libera,
1665 391 1907 436 minoribus

213 446 445 503 appendice
474 462 496 490 a
523 447 613 490 basi
642 448 777 491 libera
804 448 955 501 auctis,
985 447 1167 491 racemis
1195 448 1427 492 fructiferis
1444 450 1725 506 longiusculis
1743 451 1904 505 densis,

214 505 391 548 siliculis
417 506 554 562 planis
581 506 771 550 obovatis
796 507 909 564 pube
937 507 1099 550 stellata
1126 508 1221 564 plus
1249 507 1390 551 minus
1418 508 1566 552 obsitis
1602 509 1790 552 breviter
1822 516 1905 567 sty-

213 563 324 617 latis,
354 564 590 608 seminibus
618 565 774 622 apteris
801 566 868 609 vel
891 565 1190 622 angustissime
1218 566 1469 622 marginatis
1504 572 1560 614 26.

273 634 434 683 Species
460 636 741 685 polymorpha,
770 637 980 675 varietates
1006 639 1215 685 sequentes
1240 640 1422 675 auctores
1445 649 1549 686 saepe
1574 642 1615 676 ut
1639 638 1795 686 species
1818 638 1905 676 dis-

214 693 355 731 tinctas
380 695 611 733 habuerunt.

273 779 315 803 α.
346 760 600 815 yenuz'mcm.
631 760 840 816 Adprcsse
859 773 1106 813 canescens,
1127 760 1405 813 herbaceum,
1425 761 1634 803 caudiculi
1662 768 1812 804 tenues
1838 760 1908 803 ab-

214 816 390 860 breviati
408 818 627 874 prostrati,
648 818 822 862 siliculae
841 818 1050 875 ellipticae.
1073 819 1204 861 Rchb.
1228 819 1255 861 f.
1279 818 1408 862 4275.
1442 818 1595 862 Odont.
1617 819 1905 876 microplzylla

214 875 355 918 C.A.M
400 877 443 919 in
473 878 568 920 Led.
602 877 661 920 Fl.
693 878 774 920 Alt.
807 877 879 930 111,
908 892 948 934 p.
981 876 1054 920 6⁶2.
1090 877 1204 920 lcon.
1237 878 1322 921 tab.
1358 877 1455 920 1413.
1500 878 1653 921 Odonl.
1685 879 1907 920 smcnlosa

217 933 315 978 Sch.
356 943 398 978 et
434 936 493 994 Ky
529 937 586 993 pl.
627 950 713 979 exs.
753 945 801 979 n⁰
837 936 917 978 10!
961 936 1015 978 A.
1049 936 1233 992 alpestre
1264 951 1355 980 var.
1392 937 1664 980 minutulum
1706 937 1831 979 Fenzl
1864 936 1908 979 in

216 993 365 1036 Tchih.
397 994 500 1052 Voy.

275 1064 376 1102 Hab.
415 1065 452 1102 in
487 1066 648 1113 regione
682 1066 815 1114 alpina
848 1065 971 1103 Tauri
1004 1064 1153 1103 Cilicici
1189 1062 1347 1118 (Kyi)‚
1384 1065 1526 1103 Libani
1564 1077 1682 1114 supra
1707 1065 1909 1104 cedretum

215 1123 412 1172 (Boiss!).

274 1183 416 1221 Forma
440 1184 574 1233 alpina
598 1183 679 1222 fere
705 1185 841 1222 similis
866 1184 913 1221 A.
940 1184 1099 1234 alpestri
1125 1185 1273 1232 alpium
1294 1184 1486 1222 Helvetiae
1511 1188 1550 1222 et
1576 1184 1848 1233 Delphinatus.

273 1250 318 1303 β.
349 1249 660 1305 suffrzctescens.
709 1249 919 1305 Adpresse
956 1262 1204 1301 canescens,
1249 1249 1441 1291 caulibus
1478 1247 1808 1292 ascendentibus
1845 1249 1909 1290 vel

217 1307 386 1361 erectis,
433 1307 543 1350 foliis
571 1307 765 1363 oblongis
793 1309 856 1350 vel
884 1307 1354 1364 oblongo-linearibus,
1394 1307 1571 1350 siliculis
1607 1306 1908 1364 ovato-ellipti-

220 1366 294 1409 cis.
342 1367 393 1408 A.
428 1372 661 1409 tortuosum
689 1369 719 1422 β
749 1366 969 1410 Orientale
996 1379 1063 1409 Dc.
1096 1366 1245 1409 Prodr.
1277 1366 1310 1419 l,
1340 1380 1379 1423 p.
1413 1365 1512 1409 161.
1553 1366 1684 1409 Rchb.
1715 1366 1742 1408 f.
1775 1364 1906 1408 4276.

222 1426 274 1467 A.
297 1425 584 1468 Samniticum
611 1427 741 1468 Andr.
772 1426 825 1468 A.
845 1426 1186 1482 serpyllz'solium
1213 1425 1378 1468 Griseb.
1409 1425 1519 1482 Spic.
1552 1425 1585 1479 I,
1614 1440 1655 1482 p.
1688 1423 1787 1466 0276.

281 1496 382 1536 Hab.
415 1497 453 1534 in
477 1495 629 1535 Graecia
652 1497 702 1534 ad
727 1497 860 1534 littora
882 1497 1018 1534 Isthmi
1043 1494 1283 1534 Corinthiaci
1311 1491 1466 1548 (Heldr.
1493 1496 1613 1533 Herb.
1640 1495 1777 1533 Norm.
1798 1492 1906 1533 7061

224 1561 261 1592 et
293 1555 415 1604 Orph.
441 1556 498 1593 Fi.
531 1555 598 1594 Gr.
631 1568 712 1594 exs.
745 1555 827 1595 85!
856 1557 927 1594 sub
951 1555 995 1593 A.
1024 1556 1268 1604 minutzsssloro
1294 1567 1370 1593 non
1395 1555 1566 1606 Boiss.),
1603 1555 1776 1593 Thracia
1803 1551 1909 1608 (Gri-

223 1613 350 1669 sebl),
378 1616 563 1654 Anatolia
585 1617 622 1653 iu
647 1617 863 1665 subalpinis
897 1615 1034 1664 Lydiae
1065 1616 1102 1652 in
1137 1616 1274 1665 Sipylo
1314 1612 1460 1669 (Auch.
1492 1627 1571 1653 exs.
1599 1607 1754 1662 2532),
1783 1612 1907 1651 Cariae

223 1670 438 1731 (Pinard!)‚
467 1675 599 1725 Lyciae
635 1676 684 1713 ad
720 1676 872 1713 Elmalu
900 1668 1112 1729 (Bourgl),
1149 1676 1303 1713 Pisidiae
1324 1669 1534 1730 (Heldrl),
1574 1674 1837 1723 Cappadociae
1860 1673 1909 1710 ad

223 1735 403 1783 Argaeum
432 1734 509 1788 (Ky
537 1736 673 1785 Suppl.
710 1734 847 1785 1841),
874 1735 1090 1774 Antilibani
1115 1736 1164 1773 ad
1196 1736 1347 1773 Bludau
1374 1731 1458 1787 (ΚΥ
1484 1747 1564 1772 exs.
1594 1732 1735 1788 1472),
1763 1733 1907 1771 Arme-

222 1795 295 1833 niae
317 1791 494 1850 (Huet!).
522 1796 680 1834 Tauriae
697 1792 862 1848 (Stevl).

280 1883 320 1923 y.
343 1861 579 1903 obovcttum.
610 1860 755 1904 Simile
783 1860 1042 1918 praecedenti
1071 1860 1143 1902 sed
1172 1859 1272 1902 folia
1299 1859 1442 1902 omnia
1470 1858 1913 1915 obovato-spathulata

221 1920 510 1963 obtusissima.
545 1918 698 1963 Odont.
721 1921 894 1963 obonata
920 1918 1077 1962 C.A.M.
1110 1919 1189 1961 loc.
1217 1918 1287 1961 cit.
1319 1918 1476 1960 Ledcb.
1509 1918 1564 1961 lc.
1596 1918 1682 1961 tab.
1705 1916 1805 1959 ⁶277.
1836 1916 1906 1959 Al.

222 1980 519 2035 obtusisolium
547 1978 655 2022 Stev.
687 1980 730 2021 in
758 1991 824 2022 nc.
857 1978 924 2020 Pr.
958 1978 1011 2031 ll,
1040 1993 1081 2035 p.
1113 1976 1214 2021 305.
1245 1977 1400 2020 Deless.
1436 1977 1491 2020 lc..
1526 1977 1577 2031 ll,
1608 1977 1691 2019 [ab.
1723 1974 1792 2019 38.

281 2051 380 2088 Hab.
408 2050 444 2086 in
467 2054 595 2087 monte
621 2050 773 2097 Mesogi
798 2049 935 2098 Lydiae
959 2042 1150 2098 (Boissl),
1182 2048 1311 2086 Tauro
1338 2046 1499 2085 Cilicico
1525 2047 1605 2097 (Ky
1631 2059 1713 2084 exs.
1732 2044 1820 2086 284
1840 2046 1911 2083 sub

225 2109 289 2148 Od.
315 2109 613 2160 pam'culatcis),
640 2110 788 2147 Tauria
815 2113 853 2146 et
878 2110 1039 2157 regione
1059 2108 1273 2146 Caucasica
1297 2102 1460 2156 (Stevl).

282 2174 321 2217 ὃ.
353 2173 687 2229 νηφῖηιιίῖίῖονηηι.
721 2171 1065 2218 Suffruticosuln,
1095 2170 1575 2227 lepidoto-argenteum,
1595 2169 1694 2213 folia
1711 2168 1911 2211 obovato-

223 2233 464 2288 spatliulata
500 2233 681 2289 majora,
725 2231 852 2273 flores
890 2230 1095 2280 minores,
1140 2229 1315 2272 siliculae
1348 2242 1488 2286 parvae
1516 2242 1627 2285 saepe
1657 2226 1912 2270 orbiculari-

224 2298 354 2334 ovatae
382 2291 543 2333 semine
572 2291 623 2333 ad
650 2290 838 2333 inedium
867 2287 1144 2346 prominenti.
1175 2288 1225 2330 Α.
1248 2288 1571 2343 insinustz'flormn
1597 2287 1728 2330 Boiss.
1761 2285 1893 2341 Diagn

225 2350 315 2393 Ser.
349 2350 381 2403 l,
414 2350 446 2402 l,
478 2364 520 2406 p.
553 2348 622 2392 73.

283 2422 384 2460 Hab.
411 2422 450 2459 in
476 2422 641 2459 collibus
678 2422 855 2460 arenosis
893 2420 1019 2458 Cariae
1053 2419 1102 2456 ad
1138 2418 1295 2455 Tralles
1329 2417 1554 2467 (Boissl),
1580 2416 1842 2465 Cappadociae
1867 2416 1917 2453 ad.

226 2481 446 2519 Caesaream
473 2478 615 2532 (Ball).

285 2550 508 2598 Specimina
533 2551 571 2587 in
603 2554 733 2587 monte
770 2549 908 2598 Sipylo
932 2543 1037 2602 (Bal.
1062 2558 1144 2584 exs.
1170 2544 1240 2598 65)
1266 2547 1369 2584 lecta
1393 2545 1557 2583 siliculis
1583 2545 1798 2594 majoribus
1822 2545 1919 2583 obo-

228 2611 328 2648 vatis
354 2611 556 2648 transitum
583 2610 632 2647 ad
658 2622 743 2647 var.
769 2627 811 2667 y.
847 2609 1034 2657 praebent.

289 2677 363 2716 Ar.
399 2684 558 2728 Geogr.
595 2678 729 2727 Alpes,
758 2677 970 2716 Germania
1004 2674 1372 2723 austro-orientalis,
1415 2673 1630 2722 Hungaria,
1654 2673 1797 2711 Rossia
1820 2684 1914 2710 aus-

232 2739 362 2788 tralis,
399 2739 556 2776 Sibil-ia.

292 2853 354 2895 A.
387 2850 817 2896 condensatum
855 2849 999 2903 (Boiss.
1032 2855 1072 2891 et
1097 2847 1301 2903 Haussk.)
1330 2845 1788 2902 lepidoto-canescens,
1818 2857 1918 2886 cau-

235 2910 346 2953 libus
374 2910 464 2953 basi
493 2909 702 2952 induratis
730 2907 1056 2951 ascendentibus
1079 2942 1086 2959 ‚
1127 2906 1237 2948 soliis
1264 2903 1656 2959 obovato-oblongis
1684 2902 1847 2946 obtusis
1876 2901 1919 2944 in
