2021 3235
1027 108 1115 154 684

225 194 547 238 horizontaliter
572 196 814 252 patentibus
841 199 905 241 vel
930 200 1198 254 nutantibus,
1228 203 1382 258 sepalis
1405 203 1688 260 inaequalibus
1704 203 1919 247 trinerviis

226 252 472 296 lanceolatis
499 254 655 308 acutiS,
693 255 842 312 petalis
869 257 1001 301 ovatis
1035 260 1099 301 vel
1125 259 1319 316 oblongis
1346 261 1485 319 calyce
1511 260 1592 304 3-4
1618 263 1686 318 plo
1712 262 1919 305 breviori-

224 310 327 364 bus,
356 312 528 367 capsula
555 313 696 369 calyce
724 314 943 368 breviore,
987 317 1222 360 seminibus
1249 319 1376 362 dorso
1403 319 1679 363 tuberculatis
1709 325 1776 372 Θ.
1812 320 1918 363 Are-

223 370 351 412 naria
377 370 596 425 ylohulosa
624 372 769 414 Labill.
801 372 900 417 Dec.
932 374 999 426 IV,
1029 389 1070 432 p.
1102 375 1150 429 6,
1183 377 1266 420 tab.
1297 376 1346 431 3,
1381 378 1452 434 fig.
1484 378 1516 421 Ι.
1545 404 1603 409 —
1628 379 1721 421 Als.
1751 379 1919 435 irrequ-

226 427 333 470 larz's
361 428 445 470 Vis.
476 429 533 485 pl.
565 444 650 473 exs.
673 456 731 461 —
756 431 808 473 A.
841 432 1065 488 lancifolia
1092 433 1249 478 Visian.
1283 435 1431 491 lanl.
1463 435 1596 479 Dalm.
1627 437 1714 480 tab.
1744 436 1819 491 34,
1844 437 1916 494 fig.

226 485 256 527 l.
288 512 345 517 —
371 487 588 531 Arenaria
613 489 869 544 fasciculam
896 490 1031 533 Sibth.
1064 492 1124 534 Fl.
1156 492 1290 537 Graec.
1322 494 1371 547 V,
1400 509 1442 551 p.
1474 493 1553 548 30,
1583 495 1668 538 tab.
1699 495 1802 549 442,
1829 495 1915 538 Vis.

223 544 285 587 Fl.
316 544 450 588 Dalm.
481 559 567 588 non
596 546 717 590 alior.
748 574 806 579 —
830 549 1076 592 Minuartia
1103 550 1268 594 Petteri
1295 552 1428 595 Rchb.
1460 553 1530 609 fig.
1562 552 1677 597 4916
1696 554 1737 596 b.

283 617 388 656 Hab.
414 619 451 654 in
476 619 611 664 cultis,
639 620 804 669 vinetis,
840 625 877 658 et
905 623 1098 659 montanis
1133 624 1247 662 siccis
1270 624 1429 663 Graeciae
1454 626 1491 662 in
1517 625 1649 664 Attica
1674 630 1712 663 et
1729 626 1922 674 Argolide

226 675 395 725 (Sprun!
424 670 603 728 Heldrl),
628 679 677 716 ad
700 680 854 718 radices
876 680 1060 719 Parnassi
1087 677 1279 737 (Guicc!)‚
1306 685 1500 722 Anatoliae
1522 684 1651 732 (Sibth
1666 685 1708 735 l),
1732 685 1773 722 in
1792 685 1922 734 Lydia

227 742 264 772 et
284 742 412 775 monte
438 737 584 775 Cadmo
608 736 732 776 Cariae
756 736 884 791 (Boiss
899 731 946 789 !),
971 741 1114 788 pinetis
1138 742 1378 792 Pamphyliae
1400 744 1575 792 (Heldrl)
1599 744 1738 783 Cilicia
1759 745 1920 782 littorali

227 790 377 891 (Fl3all),
399 796 514 846 Syria
540 797 575 834 in
603 798 800 836 montibus
825 799 876 836 ad
901 799 1147 839 Antiochiam
1173 802 1302 851 (Boiss
1322 803 1363 853 l),
1389 804 1426 840 in
1453 803 1604 841 Libano
1629 804 1788 854 (habill.
1815 796 1919 854 ΒΗ).

263 855 287 892 l.
310 861 393 893 aest.

285 921 424 959 Planta
448 920 525 961 1-6
549 923 773 972 pollicaris,
802 924 1093 963 inflorescentia
1117 927 1339 965 dichotome
1361 928 1659 978 subracemosa,
1689 931 1803 978 calyx
1825 927 1920 982 272

226 980 351 1018 lineas
377 981 530 1029 longus

285 1045 358 1086 Ar.
391 1052 549 1097 Geogr.
582 1049 793 1088 Dalmatia.

819 1201 861 1241 b.
907 1203 1046 1241 Flores
1071 1205 1322 1242 subsessiles.

283 1333 346 1375 A.
375 1331 677 1388 decipiens
711 1331 857 1389 (Fenzl
892 1331 1041 1387 Pugill.
1072 1339 1120 1373 n⁰
1146 1330 1220 1388 35)
1265 1332 1450 1375 tenuiter
1486 1332 1920 1389 pruinoso-velutina

225 1389 430 1433 viscidula
458 1390 589 1433 effuse
617 1396 659 1433 et
683 1390 948 1434 divaricatim
974 1390 1240 1440 dichotoma‚
1269 1390 1402 1448 cymis
1430 1391 1828 1434 fasciculiforinibus
1854 1391 1918 1434 di-

226 1449 434 1491 chotomis
453 1448 696 1492 axillaribus
715 1456 754 1492 et
773 1448 1083 1501 terminalibus,
1104 1448 1214 1492 foliis
1236 1449 1479 1493 lanceolatis
1497 1448 1566 1492 5-7
1586 1450 1759 1503 nerviis,
1779 1451 1919 1507 calyce

228 1507 376 1550 conico
402 1507 492 1550 basi
521 1515 716 1550 truncato
742 1509 861 1551 valde
888 1507 1017 1564 gibbo
1044 1508 1197 1564 sepalis
1224 1508 1539 1565 subaequalibus
1556 1508 1801 1551 lanceolatis
1819 1523 1920 1551 acu-

228 1566 400 1610 minatis
433 1566 624 1609 elevatim
659 1566 899 1619 trinerviis,
939 1566 1089 1624 petalis
1124 1574 1301 1623 anguste
1333 1567 1576 1610 lanceolatis
1610 1567 1744 1611 acutis
1778 1568 1919 1625 calyce

227 1624 405 1668 dimidio
432 1625 725 1676 brevioribus,
754 1627 925 1682 capsula
942 1625 1094 1682 ‘calyce
1121 1624 1338 1677 breviore,
1368 1625 1603 1669 seminibus
1630 1626 1756 1669 dorso
1784 1625 1918 1669 subti-

227 1683 387 1727 lissime
416 1684 692 1727 tuberculatis
722 1690 788 1736 O.

288 1755 388 1793 Hab.
414 1755 453 1792 in
478 1754 593 1792 siccis
618 1754 812 1792 Anatoliae
828 1755 865 1792 in
892 1754 1145 1803 Cappadocia
1167 1747 1375 1809 (Tabim),
1404 1753 1541 1792 Cilicia
1557 1755 1607 1792 ad
1624 1755 1778 1794 radices
1795 1754 1918 1792 Tauri

229 1813 373 1863 (Auch.
400 1825 482 1851 exs.
507 1812 595 1854 575
618 1815 701 1852 bis!
725 1813 813 1862 Ky!
839 1811 960 1866 Ball),
986 1813 1102 1862 Syria
1123 1814 1172 1850 ad
1198 1813 1351 1863 Aleppo
1373 1817 1410 1852 et
1434 1815 1577 1852 Aintab
1603 1814 1684 1865 (Ky
1708 1825 1789 1852 exs.
1809 1812 1919 1854 160!

226 1873 385 1911 Haussk
401 1873 441 1918 l),
469 1874 505 1910 in
530 1875 686 1911 deserto
712 1874 812 1911 inter
835 1874 961 1911 Hama
987 1877 1025 1911 et
1045 1874 1264 1921 Palmyram
1289 1872 1351 1922 (Bl
1370 1867 1417 1924 Ξ),
1436 1874 1472 1911 in
1494 1881 1622 1912 monte
1645 1873 1822 1912 Carmelo
1846 1874 1916 1911 Pa-

228 1933 378 1970 lestinae
401 1925 598 1987 (Boissl).
626 1933 685 1970 Fl.
706 1937 786 1970 aest.

288 2000 411 2049 Calyx
434 1999 463 2039 2
489 2002 612 2039 lineas
636 2002 794 2039 circiter
817 2002 983 2053 longus3
1006 2003 1055 2039 ab
1080 2001 1109 2039 A
1157 2004 1341 2041 montanai
1369 2005 1406 2039 et
1435 2002 1666 2040 intermedia
1688 2003 1790 2050 pube
1814 2003 1919 2040 velu-

227 2061 307 2097 tina
333 2062 456 2108 brevi,
484 2062 606 2109 cymis
630 2062 797 2098 iteratim
824 2065 862 2099 et
883 2062 969 2099 laxe
994 2061 1228 2099 dichotomis
1254 2067 1291 2100 et
1314 2061 1454 2110 petalis
1480 2062 1694 2111 majoribus
1718 2062 1916 2099 distincta.

284 2232 345 2274 A.
364 2234 653 2275 montana
679 2230 814 2284 (Loess.
846 2231 895 2274 lt.
927 2231 1046 2287 Hisp.
1077 2244 1173 2287 pag.
1205 2230 1306 2284 1021,
1336 2230 1420 2273 tab.
1451 2231 1484 2282 l,
1513 2229 1585 2285 fig.
1615 2229 1643 2272 4
1670 2230 1748 2273 sub
1775 2230 1919 2273 Minu-

226 2289 360 2346 artai)
402 2289 593 2331 caulibus
627 2288 752 2332 nanis
784 2289 1050 2346 simplicibus
1084 2289 1268 2346 crispule
1302 2289 1448 2341 hirtis,
1492 2288 1625 2346 cymis
1656 2289 1919 2332 densissimis

227 2347 630 2391 sasciculisormibus
658 2347 959 2391 subsessilibus
986 2348 1037 2391 ad
1066 2347 1211 2391 axillas
1238 2348 1481 2405 superiores
1508 2361 1726 2390 racemum
1750 2348 1919 2391 brevem

226 2406 536 2460 formantibus,
570 2405 681 2449 foliis
709 2420 730 2448 e
758 2406 851 2449 basi
884 2405 1056 2449 dilatata
1082 2405 1222 2449 ciliata
1249 2406 1562 2463 quinquenervi
1589 2405 1822 2450 linearibus
1849 2421 1920 2450 su-

225 2465 384 2521 premis
422 2465 549 2508 ssores
583 2465 707 2519 longe
734 2465 1060 2522 superantibus,
1095 2465 1236 2522 calyce
1263 2464 1354 2508 basi
1382 2464 1609 2508 rotundato
1642 2465 1795 2522 sepalis
1822 2465 1922 2508 inae-

224 2523 422 2580 qualibus
449 2523 694 2566 lanccolatis
720 2524 856 2567 acutis
890 2523 1083 2566 elevatim
1111 2523 1345 2576 trinerviis,
1375 2523 1524 2581 petalis
1552 2523 1684 2566 ovatis
1713 2523 1918 2577 minimis,

223 2583 394 2638 capsula
418 2582 647 2640 cylindrica
673 2583 811 2639 calyce
840 2582 992 2625 triente
1018 2582 1230 2634 breviore,
1259 2582 1493 2626 seminibus
1521 2581 1916 2638 renisormi-globo-

226 2639 282 2682 sis
309 2641 432 2683 oculo
460 2647 624 2683 armato
654 2640 939 2683 minutissime
966 2641 1241 2684 tuberculatis
1264 2647 1330 2693 Θ.
1360 2640 1504 2684 Willk.
1535 2641 1649 2683 Icon.
1683 2641 1715 2693 1,
1744 2655 1784 2698 p.
1817 2640 1918 2694 409,

227 2699 310 2741 tab.
344 2697 416 2751 70,
445 2699 519 2755 fig.
548 2698 591 2742 C.
623 2699 865 2742 Mimtartia
890 2704 1095 2742 montana
1120 2699 1206 2742 ΜΒ.
1230 2700 1264 2753 Ι,
1291 2714 1332 2756 p.
1355 2699 1425 2743 90.
1455 2698 1563 2742 Min.
1584 2701 1830 2756 campestris
1848 2712 1914 2743 Dc.

228 2757 377 2800 Prodr.
410 2758 443 2811 Ι,
471 2772 513 2814 p.
545 2756 631 2800 380
658 2771 742 2800 non
772 2758 905 2801 Loefss.

286 2827 389 2865 Hab.
418 2828 454 2864 in
479 2828 644 2866 collibus
670 2828 860 2876 lapidosis
884 2827 1018 2876 Lyciae
1039 2828 1088 2865 ad
1114 2828 1265 2865 Elmalu
1291 2827 1526 2878 (Bourgl),
1566 2827 1712 2868 Ciliciae
1737 2829 1918 2867 littoralis

229 2880 375 2936 (Ball),
403 2886 559 2924 Tauriae
585 2887 850 2926 meridionalis
877 2887 976 2937 (ΜΒ.
1001 2885 1145 2938 Stev!).
1173 2887 1231 2924 Fl.
1255 2892 1335 2930 aest,
