2021 3235
1020 130 1104 174 742

208 221 391 278 elliptico
409 247 427 253 -
445 221 641 278 oblongis
667 221 820 264 ciliatis
846 220 953 264 facie
980 220 1160 277 hispidis
1186 221 1251 264 vel
1278 221 1455 277 glabris,
1497 220 1676 265 floribus
1716 222 1903 266 breviter

208 279 468 337 pedicellatis
495 279 696 323 solitariis
722 280 786 323 vel
812 278 839 322 9
857 305 876 311 -
892 278 920 322 3
945 278 1012 322 nis
1038 279 1297 334 glomerulos
1329 279 1576 323 terminales
1607 280 1779 325 foliosos
1815 281 1901 325 for-

208 338 441 390 mantibus,
485 338 623 395 calyce
660 345 780 382 ovato
813 337 909 395 pilis
942 337 1097 394 patulis
1134 337 1241 381 albis
1274 338 1513 395 aequalibus
1544 339 1682 395 longis
1716 339 1902 394 hirsuto,

209 397 300 454 styli
327 397 467 440 brevis
494 396 614 440 bifidi
643 397 773 440 ramis
801 395 928 440 rectis
963 401 1021 443 26.

268 469 368 507 Hab.
391 469 429 506 in
453 481 602 506 summo
631 473 759 507 monte
783 467 952 517 Olympo
979 467 1150 516 Bithyno
1176 468 1308 515 (Boiss
1326 464 1371 517 l).
1396 468 1456 507 Fi.
1483 469 1560 507 Jul.

267 528 301 566 A
326 529 559 576 praeeedenti
585 528 759 567 caulibus
784 527 1023 566 abbreviatis
1047 539 1125 565 non
1149 527 1539 578 suffrutescentibus,
1575 529 1681 567 foliis
1722 529 1903 578 minimis,

207 589 432 626 indumento
465 592 503 626 ct
535 588 638 636 stylo
676 588 873 625 distincta.
901 586 1019 625 Facie
1044 586 1198 624 omnino
1227 587 1349 625 refert
1374 587 1426 625 H.
1454 586 1640 638 Alpinam
1675 588 1766 627 Vill.
1799 588 1906 627 foliis

209 648 402 691 obovatis,
418 647 644 685 indumento
663 647 894 685 brevissimo
919 646 1069 695 calycis
1090 649 1128 683 et
1145 645 1260 695 stylis
1276 646 1472 686 distinctis
1496 648 1679 697 specifice
1696 648 1905 687 diversam.

600 806 622 827 ³⁶
655 805 910 844 Tetramerae.
939 804 1096 854 Calycis
1127 806 1281 845 laciniae
1305 809 1523 855 quaternae.

271 938 337 980 H.
369 936 766 979 hemistemon
805 933 861 991 (J.
882 933 967 991 Gay
992 933 1037 976 in
1063 933 1288 977 Duchartr.
1320 935 1400 977 loc.
1431 933 1502 976 cit.
1534 947 1573 990 p.
1604 931 1708 989 374)
1746 931 1909 975 minute

214 994 416 1047 velutina,
455 993 584 1036 dense
621 992 856 1049 cespitosa‚
898 992 1092 1035 caulibus
1133 992 1355 1049 fragilibus
1381 991 1606 1049 prostratis
1641 990 1912 1034 filiformibus

217 1051 536 1104 ramosissimis,
582 1051 692 1094 foliis
724 1051 919 1107 oblongis
951 1051 993 1093 in
1029 1050 1232 1108 petiolum
1269 1050 1525 1104 attenuatis,
1563 1049 1729 1106 stipulis
1764 1048 1910 1103 fuscis,

217 1112 394 1155 {loribus
421 1110 638 1155 sessilibus
665 1109 1028 1166 hermaphroditis
1055 1109 1246 1153 diandris
1273 1108 1723 1167 glomerato-spicatis‚
1760 1107 1913 1165 calycis

218 1172 319 1214 tubo
355 1169 526 1227 hispido
565 1168 730 1211 laciniis
766 1168 933 1211 duabus
969 1168 1153 1211 externis
1191 1168 1414 1212 herbaceis
1450 1166 1640 1210 carnosis
1675 1167 1913 1224 quadruplo

218 1229 452 1285 majoribus
479 1227 722 1285 patentibus
759 1226 1264 1284 deltoideo-spathulatis,
1294 1226 1572 1270 interioribus
1610 1225 1743 1268 ovatis
1779 1238 1913 1267 mem-

219 1288 465 1340 branaceis,
504 1286 620 1344 stylis
649 1285 761 1329 binis
786 1285 925 1342 longis
953 1300 975 1328 a
1002 1285 1105 1328 basi·
1120 1285 1267 1329 liberis
1307 1294 1365 1336 26.
1409 1285 1465 1328 H.
1497 1284 1704 1341 fruticosa
1729 1284 1817 1327 Del.
1847 1283 1909 1326 Fl.

221 1347 294 1403 Eg.
326 1347 387 1390 Ill.
420 1361 460 1403 p.
491 1344 544 1388 57
573 1358 659 1387 non
687 1344 733 1387 L.

280 1418 381 1455 Hab.
405 1418 443 1454 in
468 1416 647 1464 AEgypto
672 1415 722 1452 ad
746 1414 1027 1452 Alexandriam
1058 1413 1164 1465 (Del.
1204 1413 1329 1451 Oadet
1359 1413 1408 1450 de
1440 1413 1668 1461 Fontenay!
1695 1411 1914 1461 Samarit!)‚

224 1476 370 1515 Arabia
409 1475 555 1524 petraea
592 1475 693 1511 inter
732 1473 832 1511 Suez
870 1477 908 1511 et
945 1477 1115 1511 montem
1154 1473 1261 1511 Sinai
1287 1471 1491 1524 (Boiss!)‚
1524 1472 1573 1510 ad
1611 1472 1689 1510 Ras
1714 1472 1917 1509 Hammam

223 1534 408 1589 (Schimp.
433 1547 516 1573 exs.
542 1526 687 1585 195ἱ),
715 1534 752 1570 ἰη
777 1533 933 1570 deserto
959 1545 1097 1570 versus
1122 1533 1367 1571 Palaestinam
1392 1528 1561 1586 (Boissl)
1591 1531 1681 1569 etin
1705 1531 1918 1569 Palaestina

223 1607 347 1644 prope
372 1595 529 1633 Jericho
554 1590 636 1649 (Ky
662 1604 745 1631 exs.
770 1587 920 1647 8461).
946 1592 1004 1630 Fi.
1031 1592 1121 1631 Mai.

283 1663 421 1701 Affinis
446 1663 492 1701 H.
517 1663 716 1711 fruticosae
738 1661 784 1699 L.
809 1665 848 1698 et
872 1661 918 1698 H.
945 1661 1167 1700 Fontanesiz·
1189 1661 1223 1699 J.
1259 1659 1346 1709 Gay
1368 1660 1529 1698 floribus
1553 1659 1787 1708 tetrandris,
1829 1670 1916 1697 cau-

224 1724 326 1761 libus
349 1723 436 1761 basi
457 1722 732 1767 suffruticosis,
760 1721 921 1760 ramulis
945 1721 1163 1759 densifoliis
1187 1726 1224 1758 et
1249 1720 1398 1768 calycis
1422 1719 1575 1758 laciniis
1601 1717 1726 1757 minus
1749 1718 1916 1768 inaequa-

224 1783 326 1820 libus
350 1782 558 1821 distinctis.

283 1840 361 1880 Ar.
397 1840 560 1891 Geogr.
595 1841 729 1879 Africa
751 1839 958 1878 Tunetana
981 1839 1029 1878 ad
1062 1839 1207 1878 Gabes.

285 1909 370 1949 Obs.
405 1909 541 1947 Altera
582 1908 890 1946 Ten-amararum
926 1907 1080 1956 species
1105 1909 1165 1944 est
1186 1905 1233 1944 H.
1260 1904 1420 1944 odorata
1454 1904 1576 1942 Andr.
1614 1905 1652 1942 in
1682 1902 1836 1942 Hohen.
1862 1904 1916 1952 pl.

227 1982 308 2009 exs.
336 1967 467 2011 1859.
495 1991 544 2003 v-
572 1968 618 2006 H.
642 1968 834 2017 fruticosa
857 1966 969 2004 Falk.
994 1966 1114 2005 Beitr.
1139 1966 1190 2011 ΙΙ,
1211 1978 1250 2014 p.
1284 1963 1368 2005 159
1391 1976 1468 2003 non
1491 1964 1536 2001 L.
1554 1984 1607 1993 —
1633 1963 1680 2001 H.
1705 1963 1917 2013 polygama

226 2029 262 2070 J.
290 2030 376 2079 Gay
409 2030 446 2067 in
478 2028 603 2067 Duch.
635 2029 663 2067 1.
692 2029 755 2066 cit.
791 2039 832 2076 p.
868 2024 972 2067 571.
1001 2049 1055 2055 -
1081 2025 1128 2063 H.
1152 2025 1290 2075 qlabra
1315 2037 1395 2064 var.
1434 2024 1703 2063 scabriuscula
1733 2023 1854 2060 Fenzl
1878 2024 1917 2060 in

227 2089 375 2128 Ledeb.
406 2089 465 2127 Fl.
491 2089 606 2126 Ross.
633 2089 681 2138 II,
708 2099 745 2137 p.
773 2083 860 2126 159
885 2097 934 2124 ex
963 2086 1128 2124 TrautV.
1154 2085 1274 2123 Hern.
1310 2097 1350 2133 p.
1387 2082 1428 2132 5,
1465 2095 1594 2123 annua
1631 2082 1806 2122 breviter
1841 2082 1918 2120 hir-

225 2149 319 2198 tula,
348 2149 452 2186 foliis
477 2147 858 2196 elliptico·oblongis
892 2146 1115 2194 petiolatis‚
1149 2144 1310 2183 floribus
1345 2145 1503 2182 minutis
1528 2142 1751 2192 polygamis
1772 2144 1918 2180 tetran-

225 2208 305 2245 dris
331 2208 534 2246 sessilibus
557 2208 594 2244 in
625 2207 866 2257 glomerulos
904 2205 1134 2243 multifloros
1173 2204 1294 2242 dense
1322 2214 1548 2242 racemosos
1572 2200 1827 2251 aggregatis,
1855 2213 1917 2240 ca-

225 2268 324 2316 lycis
346 2267 483 2306 hirtuli
509 2265 663 2305 laciniis
683 2261 901 2316 aequalibus
922 2265 1103 2313 oblongis
1125 2263 1291 2302 obtusis.
1329 2263 1425 2302 Haec
1450 2263 1603 2312 species
1633 2261 1734 2300 facie
1758 2260 1806 2299 H.
1828 2261 1921 2310 yla-

226 2328 336 2366 bram
361 2326 535 2366 referens
558 2328 597 2364 in
619 2327 764 2365 Rossia
785 2325 914 2364 media
931 2328 969 2362 et
992 2323 1156 2362 australi
1174 2327 1212 2360 et
1237 2323 1274 2360 in
1311 2321 1502 2372 Songaria
1537 2321 1679 2361 crescit
1712 2332 1784 2359 nec
1818 2320 1921 2359 intra

223 2390 319 2425 fines
345 2386 504 2425 ditionis
526 2390 669 2424 nostrae
694 2397 872 2424 crescere
895 2384 1065 2422 videtur.

596 2538 913 2588 PARONYCRIA
949 2537 1114 2598 (Tourn.
1153 2537 1253 2584 lust.
1285 2535 1366 2584 tab.
1403 2534 1531 2594 288).

281 2685 403 2744 Calyx
431 2686 597 2729 laciniis
625 2685 651 2728 5
684 2685 1032 2742 plano-concavis
1068 2685 1131 2727 vel
1166 2684 1285 2741 apice
1322 2682 1556 2727 cucullatis.
1603 2681 1743 2724 Petala
1769 2680 1918 2724 filifor—

223 2744 322 2787 mia.
370 2743 559 2787 Stamina
587 2743 614 2786 5
641 2745 701 2786 vel
729 2742 756 2786 3
783 2743 893 2786 sauci
921 2743 1076 2800 calycis
1102 2743 1277 2786 inserta.
1322 2741 1459 2800 Stylus
1488 2740 1658 2783 bifidus.
1704 2738 1920 2783 Utriculus

222 2803 580 2845 membranaceus
608 2803 747 2859 calyce
774 2801 964 2844 inclusus
991 2801 1081 2844 basi
1109 2800 1407 2857 irregulariter
1433 2806 1599 2856 ruptus.
1630 2798 1783 2841 Semen
1801 2811 1919 2840 erec-

222 2867 310 2903 tum
340 2860 530 2904 radicula
558 2864 727 2917 supera.
757 2886 814 2890 —-
841 2860 995 2903 Herbae
1022 2859 1320 2917 oppositifoliae
1346 2858 1526 2902 floribus
1553 2857 1708 2915 saepius
1734 2856 1918 2899 bracteis

226 2919 656 2974 argenteo-scariosis
684 2918 859 2962 omnino
888 2918 1123 2962 occultatis.
