2021 3235
922 111 1007 153 335

128 200 326 254 dentatis,
346 254 348 256 q
368 199 546 243 floribus
586 200 753 243 carneis
788 201 850 242 vel
883 201 1016 243 roseis
1045 202 1207 245 modice
1236 204 1514 258 radiantibus,
1559 208 1729 251 siliculis
1756 211 1797 253 in

126 272 344 301 racemum
384 257 684 301 brevissimum
725 258 938 315 dispositis
979 259 1195 316 pedicellis
1239 262 1390 317 patulis
1427 265 1489 306 vel
1520 267 1673 321 saepius
1701 282 1799 311 con-

127 316 271 359 tractis
304 316 588 360 insidentibus
623 311 770 370 ovatis‚
810 317 886 362 alis
923 318 1194 362 acutiusculis
1233 320 1291 361 vel
1319 320 1503 373 obtusis,
1532 325 1634 380 stylo
1661 326 1798 369 sinum

127 383 352 431 angustum
379 375 597 431 superanti
628 377 695 431 (a).
732 374 761 418 Ῑ.
792 376 940 418 citiam
968 376 1050 418 ΜΒ.
1082 376 1207 419 Taur.
1239 376 1363 420 Cauc.
1394 379 1447 433 ΙΙ,
1477 394 1516 436 p.
1549 381 1646 424 ¹102.
1682 384 1716 425 ἰ.
1740 386 1800 427 in-

130 433 344 489 teyrz'folia
371 433 468 476 Led.
500 433 562 476 Fl.
593 433 713 476 Ross.
745 434 776 487 Ι,
806 448 846 491 p.
877 433 961 476 165
989 448 1037 476 ex
1064 434 1171 478 Stev.
1205 435 1262 477 Fl.
1294 436 1418 479 Taur.

185 503 285 541 Hab.
316 504 357 542 in
379 504 476 541 Asia
498 504 637 541 minori
662 502 799 556 (Auch.
824 516 904 542 exs.
929 503 1016 544 555
1032 499 1073 556 l),
1100 505 1149 543 ad
1173 504 1376 544 Safranbol
1396 504 1580 559 (Wiedl),
1598 512 1633 547 in
1657 511 1801 549 Pisidia

128 561 176 600 ad
194 563 392 601 Bouldour
413 563 618 613 (Heldr!)‚
646 563 897 611 Cappadocia
919 563 1007 613 (Bal
1029 555 1091 614 l),
1119 564 1254 602 Cilicia
1278 564 1453 604 Kurdica
1478 567 1558 616 (Ky
1583 581 1665 606 exs.
1689 568 1800 622 463),

128 620 241 670 Syria¹
263 622 413 660 boreali
437 622 476 659 in
500 626 628 661 monte
654 623 790 660 Cassio
815 623 993 673 (Boissl)
1012 654 1020 668 ‚
1053 618 1380 662 Armeniacalv!
1401 621 1430 672 N,
1460 626 1608 666 Tauria
1643 634 1678 665 et
1706 629 1800 667 Cau-

128 691 218 719 caso
244 679 344 731 (ΜΒ.
371 679 486 720 Stev!
515 675 714 729 Hohenl).

184 744 246 844 βῄ
273 743 478 787 Pinardi.
523 744 626 788 Tota
650 745 1124 802 papilloso-canescens.
1170 744 1207 787 I.
1248 745 1434 788 Pinardi
1465 749 1582 792 Jord.
1621 754 1696 793 loe.
1729 752 1798 794 eit.

127 816 153 859 p
185 873 285 911 Hab.
311 873 348 910 in
373 872 558 921 Bithynia
582 872 776 924 (Perstat),
801 873 916 911 Caria
939 867 1168 923 (Pinardl).

151 969 155 973 .
186 940 280 979 Haec
303 940 456 989 species
481 951 504 976 a
528 939 840 987 praecedentibus
865 940 1028 978 siliculis
1051 941 1262 979 minoribus
1285 953 1358 978 non
1382 945 1693 985 umbellatis·‘sed
1720 948 1802 985 bre-

128 1000 226 1039 viter
248 999 461 1038 racemosis
484 998 630 1049 differt3
657 999 775 1036 multo
803 1000 926 1048 magis
950 999 1076 1037 affinis
1107 1003 1163 1037 est
1197 1001 1224 1038 I.
1261 1001 1403 1041 ciliatae
1425 1016 1488 1051 Dc,
1514 1017 1537 1041 a
1562 1007 1639 1053 qna
1669 1006 1800 1044 distin-

129 1059 257 1108 guitur
295 1059 445 1101 statura
467 1057 685 1105 humiliori,
722 1059 807 1096 sinu
841 1058 1149 1101 siliculaemagis
1175 1060 1306 1098 clauso
1332 1065 1370 1100 et
1398 1062 1500 1108 foliis
1526 1076 1600 1105 non
1632 1066 1803 1109 margine

129 1117 199 1158 sed
235 1117 404 1166 undique
430 1116 645 1165 puberulis.

721 1250 752 1301 †
783 1250 813 1303 †
844 1251 956 1290 Folia
981 1252 1221 1301 pinnatifida.

187 1357 225 1400 1.
252 1357 502 1413 pinnata
528 1355 591 1411 (L.
622 1354 703 1412 Sp..
721 1355 776 1409 ll,
805 1370 845 1413 p.
877 1355 981 1412 907)
1019 1356 1128 1399 foliis
1155 1357 1595 1414 oblongo-linearibus
1616 1361 1803 1425 pinnati-

130 1414 225 1458 fidis
250 1416 314 1458 vel
340 1415 507 1473 partitis
533 1414 699 1460 laciniis
724 1414 961 1458 linearibus
988 1415 1173 1469 obtusis,
1201 1416 1379 1459 floribus
1405 1416 1531 1471 albis,
1561 1419 1733 1463 sil1culis
1760 1421 1802 1464 in

130 1487 345 1517 racemum
372 1473 544 1517 brevem
571 1487 682 1531 saepe
708 1473 1066 1526 umbelliforrnem
1093 1473 1306 1531 dispositis
1325 1476 1455 1519 ovatis
1473 1476 1564 1519 sinu
1585 1479 1666 1521 lato
1685 1486 1802 1521 trun-

130 1531 249 1585 catis,
279 1532 355 1576 alis
381 1532 515 1576 acutis
541 1532 800 1586 divaricatis,
829 1526 935 1589 stylo
959 1530 1057 1575 sinu
1084 1532 1265 1589 longiori
1296 1539 1361 1585 Θ.
1395 1535 1524 1577 Rchb.
1557 1535 1584 1577 f.
1614 1536 1740 1579 4195.

189 1602 290 1641 Hab.
316 1602 354 1640 in
375 1603 553 1641 Rumelifi
574 1597 730 1653 (Pria),
755 1595 941 1640 Anatolii»
963 1601 1028 1651 (ex
1054 1600 1241 1650 Griscb.).

189 1666 264 1707 Ar.
282 1673 442 1717 Geogr.
476 1669 635 1717 Europa
656 1668 783 1706 media
813 1671 851 1705 et
874 1668 1069 1705 australis.

188 1815 227 1859 1.
260 1815 508 1860 odorata
542 1813 602 1862 (L.
634 1812 702 1870 Sp.
734 1811 835 1869 906)
872 1819 957 1856 tota
984 1813 1170 1858 breviter
1196 1815 1501 1859 albo-setulosa
1528 1830 1658 1868 nana,
1694 1816 1804 1861 foliis

130 1872 616 1917 lanceolam-linearibus
643 1871 761 1928 apice
799 1871 1060 1928 pinnatifidis
1100 1873 1524 1927 lohisbrevissimis,
1570 1875 1715 1930 petalis
1740 1875 1804 1917 vix

132 1932 397 1976 radiantibus
423 1931 530 1975 albis
556 1931 697 1989 calyce
725 1929 1154 1987 sesquilongioribus,
1186 1931 1362 1975 siliculis
1386 1932 1622 1975 umbellatis
1647 1932 1805 1988 glabris

132 1991 264 2035 ovatis
290 1991 367 2034 alis
393 1989 528 2034 acutis
555 1990 659 2048 stylo
686 1989 815 2046 duplo
842 1989 1106 2045 longioribus
1132 1996 1198 2043 Q.
1229 1989 1265 2033 I.
1286 1991 1496 2033 actitiloba
1515 1991 1666 2033 Bertol.
1688 1990 1801 2033 Misc.

133 2063 174 2106 p.
206 2048 308 2104 227,
336 2049 421 2093 tab.
453 2047 496 2103 9,
525 2048 552 2091 f.
584 2049 635 2091 ’11

192 2121 290 2159 Hab.
328 2123 366 2158 in
402 2120 535 2158 Attica
558 2119 607 2157 ad
638 2118 798 2157 Eleusin
825 2113 1019 2173 (missi),
1045 2117 1165 2158 Creta
1187 2116 1372 2173 (Bauh.),
1395 2118 1531 2157 Cilicia
1555 2116 1692 2170 (Auen.
1723 2129 1805 2155 exs.

135 2177 249 2219 550!
280 2172 369 2229 Ky!
398 2179 490 2217 Bal!
506 2175 536 2230 ),
555 2178 670 2226 Syria
691 2178 729 2215 in
751 2177 855 2217 arvis
880 2178 930 2214 ad
954 2176 1109 2226 Aleppo
1136 2175 1245 2227 (Kyl
1271 2175 1484 2231 Hausskt),
1511 2180 1550 2216 et
1573 2177 1805 2214 Damascum

132 2236 300 2291 (Gaillt),
321 2238 488 2286 Assyria
511 2237 562 2275 ad
579 2236 818 2286 Euphratem
842 2233 983 2288 (Chesn
1002 2228 1049 2287 l).

193 2305 354 2354 Species
378 2301 594 2351 Hispanica
616 2303 755 2352 affinis,
774 2302 806 2340 I.
827 2303 1025 2352 pectinata
1046 2303 1172 2341 Boiss.
1199 2303 1339 2350 Diagn.
1362 2298 1447 2340 Ser.
1473 2301 1503 2349 Ι,
1520 2300 1551 2348 Ι,
1572 2311 1610 2349 p.
1629 2298 1698 2350 75,
1722 2312 1805 2339 cum

134 2365 270 2402 nostra
289 2374 392 2412 saepe
415 2362 577 2401 confusa
600 2362 730 2400 differt
756 2362 897 2410 petalis
919 2362 1034 2399 valde
1056 2361 1299 2400 radiantibus
1326 2361 1461 2409 calyce
1485 2360 1702 2406 quadruplo
1726 2360 1805 2397 lon-

135 2423 321 2472 gioribus,
348 2422 502 2461 silicula
523 2421 638 2472 hirta,
663 2421 765 2470 stylo
788 2420 890 2459 lobis
915 2420 1096 2469 longiori.

194 2490 268 2531 Ar.
301 2491 463 2542 Geogr.
498 2492 633 2531 Africa
652 2490 835 2529 borealis.

816 2626 1133 2676 BRcSSARnlA

521 2705 669 2765 (Boiss.
704 2704 802 2751 Anu.
839 2703 903 2750 Sc.
940 2701 1028 2748 Nat.
1062 2698 1200 2755 1842,
1233 2713 1272 2760 p.
1313 2698 1430 2756 183).

194 2824 261 2869 Cal
290 2840 312 2867 x
339 2823 672 2867 subbisaccatus.
716 2822 856 2865 Petala
892 2819 1069 2875 aequalia
1105 2817 1284 2873 integra.
1332 2816 1560 2858 Filamenta
1589 2816 1803 2858 edentula.

136 2883 234 2929 Silic
282 2897 306 2925 a
331 2895 485 2932 *naaria
510 2894 746 2940 napyracea
772 2877 1003 2922 lateraliter
1029 2876 1147 2923 valde
1173 2888 1309 2930 compi
1328 2887 1414 2918 essa
1445 2873 1525 2916 late
1558 2874 1666 2916 alata
1705 2871 1807 2915 hilo-
