2021 3235
1010 120 1096 165 614

274 283 324 327 S.
357 282 572 338 supina
599 279 701 337 (ΜΒ.
731 278 857 322 Taur.
887 276 1011 321 Cauc.
1042 276 1075 329 Ι,
1105 289 1145 332 p.
1176 273 1280 332 338)
1308 275 1496 319 breviter
1521 276 1776 333 pubescens,
1808 278 1899 322 basi

219 341 518 383 suffrutesccns
545 338 736 381 caulibus
763 334 1090 380 ascendentibus
1117 333 1316 388 ramosis,
1360 334 1470 377 foliis
1507 335 1741 378 linearibus
1778 342 1819 379 et
1853 336 1904 379 li-

219 397 606 442 neari-lanceolatis
639 396 790 449 acutis,
828 393 956 452 cymis
984 392 1159 436 alternis
1187 398 1227 435 et
1253 392 1457 449 oppositis
1483 393 1668 437 breviter
1695 400 1736 436 et
1762 393 1923 438 stricte*

217 456 508 514 pedunculalis
536 454 776 512 paniculam
804 458 1024 508 angustam
1052 451 1224 494 brevem
1252 451 1560 505 formantibus,
1604 453 1744 509 calyce
1785 453 1905 509 glan-

216 515 501 558 cluleso-hirto
530 513 618 556 basi
650 518 865 555 attenuato
892 512 1015 566 longe
1049 509 1281 567 cylindrico
1314 509 1515 553 dentibus
1552 510 1684 553 ovatis
1721 510 1905 554 obtusis-

219 574 354 627 simis,
385 572 602 615 fructifero
620 572 796 623 clavato,
825 567 1213 625 unguibuslongis‚
1241 567 1399 611 lamina
1426 569 1520 612 alba
1547 569 1598 612 ad
1626 569 1815 612 medium
1842 569 1906 612 bi-

218 632 315 685 fida,
345 645 514 674 coronae
541 630 704 673 laciniis
731 628 931 672 brevibus
958 626 1112 671 bilobis
1130 662 1140 679 ‚
1170 627 1343 684 capsula
1370 627 1731 684 oblongo-conica
1757 641 1906 685 carpo—

218 691 351 747 phoro
378 689 616 746 :nquilonga
649 694 706 736 26.

272 761 369 798 IIab.
395 760 432 796 in
467 758 619 796 saxosis
644 757 798 796 Tauriae
821 756 929 806 (MBI
957 747 1068 795 Stcv!
1087 753 1124 806 ),
1157 754 1324 794 Caucasi
1361 757 1552 804 septentr.
1593 753 1697 805 (ΜΒ.
1739 755 1829 795 Hoh
1847 748 1856 794 !
1875 754 1904 809 ),

213 820 355 857 Persice
379 830 489 867 prOV.
519 817 764 867 Aderbidjan
789 819 826 854 et
849 814 991 854 Ghilan
1017 813 1161 866 (Auch.
1189 826 1274 852 exs.
1297 812 1438 854 4224!
1461 819 1498 853 et
1522 813 1702 864 42251).
1728 815 1789 854 Fl.
1807 816 1900 855 Jun.

271 888 305 925 A
327 885 370 926 S.
389 886 657 938 spertqulz'folici
681 889 720 923 et
741 885 928 935 pruinosa
951 884 1087 933 calyce
1113 881 1137 922 7
1164 884 1289 922 lineas
1313 884 1432 932 longo
1457 884 1589 922 statim
1615 884 1907 933 distinguenda.

835 1023 858 1045 ἃ
889 1023 913 1046 ⁹*
943 1024 1104 1073 Ungues
1136 1024 1278 1072 glabri.

272 1132 323 1176 S.
358 1143 572 1188 repens
616 1130 780 1187 (Patrin
816 1130 861 1173 in
899 1129 1012 1173 Pers.
1050 1128 1149 1187 Syn.
1181 1128 1215 1183 I,
1244 1142 1286 1186 p.
1318 1127 1422 1185 500)
1465 1128 1721 1186 pubescens,
1765 1128 1907 1173 radice

219 1192 341 1247 longe
369 1189 552 1247 repenti,
596 1189 788 1232 caulibus
821 1188 1064 1232 numerosis
1099 1187 1250 1231 erectis
1283 1187 1644 1244 simpliciusculis,
1682 1187 1791 1231 foliis
1826 1189 1908 1231 late

217 1248 448 1291 linearibus
476 1247 669 1304 oblongis
701 1247 850 1301 acutis,
895 1247 1147 1304 pedunculis
1188 1246 1388 1289 brevibus
1431 1246 1635 1303 oppositis
1678 1245 1750 1289 1-3
1791 1246 1907 1290 floris

217 1321 434 1350 racemum
461 1307 632 1349 brevem
666 1320 776 1363 saepe
810 1306 1168 1362 capituliformem
1201 1304 1503 1358 formantibus,
1544 1306 1684 1362 calyce
1712 1305 1842 1348 dense
1870 1312 1910 1348 et

216 1365 351 1422 crispe
379 1365 588 1422 puberulo
617 1365 885 1423 cylindraceo
913 1365 1073 1408 clavato
1101 1364 1300 1408 dentibus
1328 1363 1460 1407 ovatis
1495 1363 1658 1407 obtusis
1692 1364 1908 1407 membra-

216 1423 638 1479 naceo-marginatis,
684 1423 840 1466 lamina
883 1424 979 1466 alba
1019 1423 1071 1466 ad
1113 1422 1301 1466 medium
1342 1422 1561 1479 bipartita,
1606 1436 1775 1466 coronae
1802 1422 1909 1466 lobis

217 1482 416 1525 brevibus
443 1481 594 1536 acutis,
639 1483 907 1540 carpophoro
944 1481 1060 1525 hirto
1098 1483 1270 1539 capsula
1306 1481 1599 1525 ovato-conica
1635 1481 1910 1538 sublongiore

229 1548 288 1590 24.
320 1540 476 1584 Ledeb.
508 1541 564 1583 Ic.
598 1540 659 1583 Fl.
690 1541 810 1584 Ross.
841 1541 928 1584 tab.
960 1540 1061 1583 4⁶25.

275 1611 379 1651 Hab.
405 1611 444 1648 in
467 1610 653 1649 Armenia
676 1611 842 1650 Rossica
862 1610 922 1662 (C.
949 1610 1077 1660 Koch,
1099 1609 1279 1661 Eichw.)‚
1305 1610 1343 1648 in
1367 1609 1689 1649 Transcaucasia
1715 1610 1764 1648 ad
1788 1610 1912 1649 Zulka

238 1670 348 1708 Hoh!
377 1699 386 1709 .

220 1670 234 1721 (
275 1739 337 1777 Ab
354 1667 540 1777 >affinibus
565 1742 704 1786 praeter
727 1739 897 1788 speciem
922 1742 1151 1788 sequentem
1172 1750 1301 1787 ungue
1326 1738 1584 1777 biauriculato
1612 1738 1808 1778 distincta.
1842 1737 1912 1776 Se-

221 1798 323 1836 mina
348 1799 605 1836 tuberculata.

276 1864 349 1903 Ar.
384 1870 547 1915 Geogr.
582 1866 724 1904 Rossia
749 1866 889 1916 media,
914 1865 1058 1905 Sibiria
1082 1866 1285 1905 Uralensis
1311 1869 1349 1904 et
1371 1864 1584 1904 orientalis.

277 2004 328 2048 S.
346 2004 783 2048 Montbretiana
810 2002 962 2060 (Boiss.
993 2002 1140 2059 Diagn.
1172 2002 1262 2046 Ser.
1296 2002 1329 2056 I,
1360 2002 1394 2057 I,
1422 2016 1464 2059 p.
1485 2001 1558 2059 26)
1586 2001 1772 2045 breviter
1797 2002 1911 2045 velu-

222 2062 442 2106 tino-hirta
458 2061 616 2117 grisea,
644 2061 734 2105 basi
762 2061 1066 2105 suffrutescens
1094 2061 1286 2105 caulibus
1320 2061 1473 2104 erectis
1509 2060 1651 2104 stricte
1688 2059 1912 2104 ramulosis

222 2122 286 2163 vel
305 2120 586 2177 simplicibus,
616 2120 727 2163 foliis
754 2120 990 2164 uninerviis
1017 2121 1201 2177 oblongo
1229 2121 1293 2163 vel
1316 2119 1735 2164 lineari-lanceolatis
1758 2125 1913 2176 praeter

223 2179 369 2222 infima
392 2193 502 2236 saepe
529 2179 681 2222 obtusa
708 2179 858 2232 acutis,
902 2179 1122 2223 floralibus
1163 2178 1747 2235 oblongo-triangularibus,
1791 2180 1913 2236 cyma

222 2237 434 2280 terminali
475 2237 720 2281 subtrissora
761 2238 1012 2295 pedunculis
1055 2238 1276 2290 brevibus,
1324 2239 1462 2296 calyce
1504 2236 1912 2293 glanduloso-hirto

222 2295 406 2339 breviter
432 2297 727 2352 campanulato
761 2296 959 2341 dentibus
996 2296 1128 2340 ovatis
1156 2296 1447 2351 acutiusculis,
1485 2297 1704 2340 fructifero
1732 2296 1909 2350 clavato,

223 2369 365 2411 ungue
393 2354 594 2411 utrinque
621 2355 889 2410 unidentato,
922 2355 1092 2399 laminae
1125 2355 1289 2399 ssavidae
1317 2363 1358 2398 et
1384 2369 1553 2399 coronae
1579 2354 1746 2398 laciniis
1772 2354 1912 2398 brevi-

222 2413 300 2456 bus
326 2413 474 2467 ovatis,
503 2414 675 2470 capsula
701 2414 883 2470 oblonga
908 2415 1177 2472 carpophoro
1204 2413 1445 2471 aequilonga
1495 2422 1532 2464 ‘36
1548 2450 1556 2458 .
1601 2414 1648 2458 S.
1681 2412 1912 2470 [spirensis

224 2471 353 2514 Boiss.
384 2479 423 2514 et
450 2471 561 2515 Huet
585 2472 735 2529 Diagn,
765 2472 855 2516 Ser.
891 2472 943 2527 II,
972 2473 1023 2528 V,
1052 2488 1093 2531 p.
1124 2472 1196 2516 55.

280 2544 379 2582 Hab.
395 2544 433 2580 in
450 2544 640 2581 montanis
658 2543 856 2582 Gataoniae
873 2544 911 2582 in
929 2545 1122 2584 montibus
1139 2544 1309 2593 Akdagh
1328 2548 1366 2584 et
1382 2543 1572 2594 Soffdagh
1590 2544 1763 2592 (Montbl
1783 2543 1907 2582 Aueh.

223 2613 305 2640 cxs.
334 2598 448 2642 459!
476 2603 700 2651 Haussknl)
734 2615 854 2652 supra
887 2603 1032 2643 Aintab
1061 2597 1321 2657 (Hausskl),
1367 2604 1406 2642 in
1436 2603 1622 2642 Armenia
1657 2603 1827 2642 Turciea
1864 2603 1912 2641 ad

222 2661 322 2710 Ispir
345 2660 520 2713 (Huet!),
542 2662 591 2700 ad
611 2661 920 2702 Gumuehkhane
945 2668 981 2702 et
1006 2665 1174 2703 Baibout
1198 2663 1348 2715 (Bourg
1364 2656 1415 2719 l).
1440 2664 1499 2702 Fl.
1526 2663 1615 2701 Mai.

281 2728 419 2766 Caules
445 2725 546 2781 ¹s2-l
572 2729 746 2778 pedales,
775 2730 888 2779 calyx
912 2728 987 2770 4-5
1014 2733 1137 2769 lineas
1160 2732 1316 2780 longus,
1340 2731 1491 2769 semina
1506 2730 1914 2781 rugoso-tuberculata

225 2787 341 2825 dorso
367 2800 553 2826 convexa.
578 2788 743 2826 Habitus
769 2793 807 2826 et
837 2789 953 2828 flores
991 2791 1207 2829 abbreviati
1235 2787 1275 2829 S.
1294 2791 1502 2841 pruinosae,
1530 2790 1601 2829 sed
1624 2789 1914 2828 inflorescentia

224 2858 298 2883 non
320 2847 551 2896 paniculata,
572 2848 717 2895 calycis
744 2848 892 2886 latioris
919 2861 1004 2888 eum
1037 2848 1079 2889 S.
1104 2852 1275 2902 repentis
1299 2850 1506 2889 referentis
1531 2850 1668 2889 dentes
1698 2849 1820 2899 acuti,
1845 2859 1908 2897 pe-

225 2906 305 2943 tala
331 2906 502 2944 breviter
522 2907 641 2945 bifida
662 2910 700 2945 et
722 2908 871 2946 semina
897 2909 1067 2947 diversa.

2007 296 2014 391 πη-
