2021 3235
912 98 995 144 937

179 258 244 301 H.
286 257 571 312 Kotschyi
608 255 762 313 (Spach
797 255 875 298 loc.
914 253 984 297 cit.
1014 267 1055 310 p.
1088 252 1225 307 186),
1265 252 1462 307 glabrum
1497 251 1787 305 glaucescenS‚

107 314 297 358 caulibus
324 314 468 358 stricte
495 313 800 357 ramosissimis
834 312 985 356 albidis
1019 312 1069 354 ad
1108 324 1326 354 ramorum
1364 316 1505 352 ortum
1548 308 1792 351 subincras-

108 373 208 417 satis
234 371 787 430 paniculato-corymbosis,
816 370 927 414 foliis
963 368 1154 413 indivisis
1186 367 1432 412 lanceolatis
1460 367 1793 410 etsslanceolato-

109 430 341 475 linearibus
359 431 402 474 in
418 430 622 488 petiolum
641 430 875 486 angustatis
903 429 1053 481 acutis,
1083 427 1213 485 cymis
1239 426 1458 477 laxissoris‚
1488 424 1640 482 calycis
1658 423 1794 480 glabri

108 489 249 533 ssavidi
276 490 326 532 ad
353 489 474 532 basin
502 488 645 546 partiti
672 488 837 532 laciniis
863 487 995 531 ovatis
1022 486 1183 530 obtusis
1201 522 1210 539 ‚
1239 484 1389 542 petalis
1416 483 1575 540 glabris
1602 482 1795 539 oblongis

108 548 287 602 obtusis,
315 547 459 591 ovario
491 547 639 605 glabro
676 554 736 596 26.

167 617 269 656 Hab.
296 618 334 655 in
358 618 523 656 collibus
546 617 691 656 Persiae
714 616 895 655 australis
927 627 1050 664 prope
1086 614 1244 654 Schiraz
1270 608 1357 668 (Ky
1383 624 1464 651 exs.
1497 609 1608 652 458!
1644 612 1715 649 sub
1747 611 1795 649 H.

107 677 320 716 dichotomo
340 689 422 714 var.
448 689 494 715 ex
519 676 680 727 Boiss.).

166 743 469 793 Sesquipedale‚
505 736 598 781 folia
631 743 784 781 caulina
819 741 1004 780 inferiora
1038 740 1117 780 2-2
1137 738 1195 794 ¹s2
1223 740 1429 789 pollicaria
1452 737 1529 778 2-5
1556 739 1679 776 lineas
1704 738 1794 785 iata,

109 803 311 851 superiora
332 806 370 841 et
394 802 580 840 ramealia
601 802 829 850 angustiora
852 804 891 839 et
916 801 1116 850 breviora⁷
1142 802 1258 838 flores
1287 801 1342 838 eis
1362 801 1409 838 H.
1440 799 1681 838 Buoebaumz'z'
1708 798 1794 835 sub-

109 862 295 906 minores,
324 862 444 900 facies
471 861 516 899 H.
539 861 765 911 ptilostyli.·

166 1025 234 1068 H.
268 1024 562 1076 Blanchei‚
592 1023 724 1067 viride
753 1023 831 1066 sub
865 1023 976 1065 lente
1004 1021 1190 1065 tenuiter
1217 1021 1474 1078 puberulum
1501 1018 1797 1076 glantlulisquc

110 1082 299 1125 minimis
325 1081 459 1138 nigris
487 1081 689 1135 obsitum,
711 1081 904 1125 caulibus
933 1080 1105 1136 virgatis
1133 1080 1416 1136 corymbosis,
1445 1076 1705 1136 corymbulis
1733 1091 1798 1119 ca-

110 1140 443 1197 pituliformibus
462 1176 471 1193 ‚
501 1140 611 1184 foliis
645 1139 835 1183 indivisis
863 1146 1040 1196 anguste
1078 1138 1312 1182 linearibus
1344 1137 1536 1193 margine
1565 1135 1799 1179 convolutis

110 1199 261 1257 subtus
285 1198 529 1256 puberulis,
558 1199 737 1242 floribus
765 1198 1066 1242 subsessilibus
1084 1233 1093 1250 ,
1122 1197 1277 1255 calycis
1309 1211 1445 1253 usque
1474 1197 1524 1239 ad
1552 1194 1672 1238 basin
1700 1208 1801 1251 par-

110 1257 171 1300 titi
201 1257 365 1301 laciniis
405 1257 801 1301 ovato-orbiculatis
834 1256 997 1300 obtusis
1039 1255 1207 1309 cibatis,
1238 1256 1383 1312 petalis
1410 1255 1569 1311 glabris
1604 1253 1798 1308 oblongis

110 1315 331 1359 cucullatis
358 1315 521 1359 obtusis
558 1316 758 1369 rubellis,
787 1315 1015 1359 filamentis
1056 1329 1185 1372 supra
1226 1314 1347 1357 basin
1388 1312 1796 1370 submonadelpham

110 1374 325 1418 dilatatam
354 1375 604 1432 quadratam
632 1374 814 1418 ciliatam
845 1374 1023 1431 abrupte
1057 1373 1299 1426 attenuatis,
1329 1372 1473 1416 ovario
1504 1372 1652 1429 glabro
1678 1381 1735 1423 25.

166 1446 269 1484 Hab.
296 1445 333 1483 in
361 1447 516 1484 deserto
548 1445 670 1495 Syriae
699 1447 747 1484 ad
783 1446 1003 1495 Palmyram
1029 1445 1068 1483 in
1094 1449 1223 1483 monte
1248 1444 1371 1483 Gebel
1398 1445 1523 1483 Abiad
1549 1441 1795 1492 (Blan'chei).

168 1513 309 1552 Cautes
334 1515 413 1553 fere
437 1515 613 1564 pedales,
639 1515 734 1554 folia
771 1515 951 1563 pollicem
988 1515 1106 1564 longa
1141 1515 1280 1552 lineam
1307 1515 1406 1561 lata,
1442 1513 1651 1561 corymbus
1685 1523 1797 1549 cons-

108 1578 193 1612 tans
215 1572 298 1614 5⁴5
329 1575 568 1622 corymbulis
602 1575 843 1624 longiuscule
881 1574 1174 1623 pedunculatis‚
1198 1574 1323 1612 facies
1363 1577 1400 1610 et
1430 1571 1721 1610 inflorescentia
1750 1569 1796 1608 ll.

107 1634 300 1683 lonqisolz'i
325 1646 346 1670 a
370 1645 445 1682 quo
472 1634 668 1682 glandulis
690 1634 845 1672 minutis
871 1638 908 1672 et
932 1633 1225 1673 characteribus
1251 1634 1392 1671 differt.

660 1798 700 1838 b.
734 1800 952 1839 Filamenta
982 1800 1067 1838 basi
1102 1800 1237 1838 libera.

636 1928 681 1974 ><
721 1925 921 1963 Foliorum
953 1925 1104 1963 laciniae
1132 1924 1270 1972 planae.

179 2045 243 2088 H.
277 2045 632 2089 Buxbaumii
675 2044 817 2100 (Poir.
849 2044 1013 2102 Encycl.
1045 2044 1121 2096 Vl,
1152 2058 1193 2100 p.
1230 2042 1315 2086 356
1343 2042 1421 2086 sub
1450 2042 1588 2098 Ruta)
1625 2042 1799 2084 flavido-

108 2102 247 2145 virens
284 2102 361 2145 sub
393 2103 505 2146 lente
542 2102 882 2159 adpressiuscule
915 2102 1202 2160 puberulum,
1237 2101 1432 2145 caulibus
1470 2099 1800 2144 ascendentibus

107 2174 290 2218 superne
318 2160 636 2214 ramosissimis,
667 2161 776 2204 soliis
803 2161 845 2204 in
872 2161 1077 2218 petiolum
1105 2160 1331 2204 attenuatis
1356 2160 1534 2203 obovato
1563 2165 1604 2202 et
1628 2159 1799 2201 lanceo-

107 2219 466 2276 lato-spathulatis
502 2220 664 2263 obtusis
708 2220 907 2263 omnibus
950 2219 1139 2262 indivisis
1181 2219 1241 2261 vel
1270 2218 1343 2262 9-3
1377 2217 1674 2274 superioribus
1702 2217 1802 2259 inw-

107 2277 289 2334 qualiter
316 2278 358 2321 in
387 2277 465 2321 2-3
492 2277 666 2321 lacinias
695 2278 1126 2321 lineari-lanceolalas
1154 2277 1298 2331 sectis,
1328 2277 1533 2333 corymbo
1563 2277 1645 2318 lato
1672 2275 1799 2317 dissi-

109 2336 248 2379 tissoro
276 2336 431 2394 saepius
459 2336 627 2390 solioso‚
657 2336 810 2394 calycis
846 2336 986 2379 ssavidi
1014 2335 1151 2392 glabri
1179 2337 1241 2378 vel
1268 2349 1395 2393 parce
1414 2334 1562 2377 hirtuli
1592 2334 1641 2377 ad
1677 2333 1797 2377 basin

107 2395 250 2452 partiti
279 2394 443 2439 laciniis
471 2395 603 2438 ovatis
621 2395 801 2449 obtusis,
821 2394 970 2452 petalis
988 2394 1146 2452 glabris
1166 2394 1331 2437 inferne
1359 2389 1587 2437 attenuatis
1605 2392 1800 2449 oblongis

108 2453 288 2508 obtusis,
316 2453 541 2497 filamentis
570 2454 621 2496 ad
649 2454 711 2496 vel
739 2453 849 2497 infra
876 2453 1217 2509 mediumxlonge
1244 2452 1450 2505 barbatis,
1480 2451 1625 2494 ovario
1652 2451 1801 2505 glabro

115 2518 172 2560 26.
202 2511 332 2555 Buxb.
368 2511 468 2555 Cent
504 2512 567 2565 ll,
600 2512 682 2555 tab.
716 2511 788 2565 28,
817 2512 889 2568 fig,
927 2511 967 2554 32.
1000 2512 1117 2555 Ruta
1153 2511 1345 2567 linifolia
1379 2510 1513 2554 Smith
1552 2509 1701 2552 Prodr.
1734 2509 1796 2552 Fi.

107 2568 177 2613 Gr.
211 2570 242 2623 l,
272 2584 312 2628 p.
345 2569 429 2614 273
456 2585 541 2613 non
570 2571 612 2613 L.
643 2571 761 2614 Ruta
791 2570 1044 2627 spathulata
1070 2570 1133 2613 Fl.
1163 2570 1298 2614 Graec.
1341 2569 1425 2612 tab.
1463 2567 1562 2612 370.

164 2641 263 2679 Hab.
291 2642 328 2679 in
351 2642 457 2689 agris
482 2642 637 2680 incultis
654 2641 837 2681 Thraciae
863 2642 1064 2680 orientalis
1088 2638 1269 2693 (31111101),
1296 2641 1473 2689 Byzantii
1501 2639 1658 2691 (Casti),
1680 2640 1799 2677 totius

107 2698 300 2738 Anatoliae
323 2701 588 2739 meridionalis
613 2713 636 2738 a
660 2701 828 2750 Smyrna
851 2701 940 2750 (An.
967 2702 1056 2739 itin!
1079 2695 1203 2748 Bali),
1231 2702 1279 2738 ad
1305 2699 1482 2738 Ciliciam
1508 2697 1652 2750 (Bait),
1675 2699 1799 2736 Crctae

109 2752 270 2809 (Sieb!),
287 2760 415 2798 Rhodi
432 2758 532 2813 (Oliv
550 2759 593 2810 !)‚
621 2759 741 2809 Cypri
765 2758 941 2813 (Sibth.),
968 2761 1092 2809 Syriae
1118 2760 1300 2798 littoralis
1326 2764 1364 2797 et
1388 2759 1590 2810 orientalis
1617 2752 1791 2808 (Labilil

107 2815 282 2868 Boissi),
309 2819 515 2858 Palestinae
540 2820 672 2869 (Sieb!
702 2819 885 2872 Boiss!)‚
922 2820 1216 2869 Mesopotamiae
1240 2819 1289 2857 ad
1326 2819 1500 2857 Mosroul
1526 2817 1673 2869 (Auch.
1716 2829 1796 2854 0118.

108 2873 193 2916 814
208 2869 218 2915 !
234 2874 264 2929 )‚
286 2890 397 2926 prov,
423 2878 667 2929 Aderbidjan
693 2879 837 2917 Persiae
860 2880 909 2919 ad
931 2879 1167 2929 Seidkhodji
1189 2876 1314 2931 (Szow
1331 2873 1340 2916 1
1356 2881 1384 2925 ).
