2021 3235
991 191 1048 235 12

177 282 368 325 cuneatis
394 281 546 325 Iobatis
580 280 952 337 inciso-dentatis,
985 282 1320 328 involucralibus
1353 283 1533 340 integris
1573 283 1639 326 vel
1680 281 1871 325 breviter

175 340 374 394 dentatis,
409 339 561 396 sepalis
590 338 667 382 7-9
693 339 902 384 coccineis
928 341 1124 399 oblongis
1151 342 1269 400 apice
1296 356 1408 399 saepe
1434 340 1685 395 latioribus,
1714 354 1867 397 recep-

177 400 314 442 taculo
341 398 519 442 ovoideo
560 406 597 447 24
613 433 621 441 .
651 397 704 441 A.
735 398 945 442 hortensis
973 400 1016 444 L.
1048 414 1097 444 ex
1123 407 1259 459 parte.
1280 401 1334 444 A.
1357 401 1568 444 hortensis
1593 413 1668 443 var
1692 401 1739 456 β.
1759 399 1869 457 Bory

177 463 218 499 ct
242 456 314 500 Ch.
346 457 406 499 Fl.
439 457 590 514 Pelopi
620 457 904 514 A.pav0nina
920 472 995 502 var
1019 461 1066 514 β.
1097 472 1165 504 Dc.
1197 460 1347 504 Prodr.
1381 459 1414 502 I.
1448 473 1490 516 p.
1517 457 1590 502 18.

235 527 334 565 Hab.
354 528 393 564 in
406 526 572 564 collibus
587 527 782 565 umbrosis
799 526 962 567 Graeciae
982 529 1020 566 in
1037 529 1233 569 Messenia
1251 528 1436 581 (Boryl),
1460 527 1652 577 Argolide
1670 526 1814 578 (Sprun
1829 527 1868 575 !)‚

177 586 309 624 Attica
333 586 488 636 (Boissl
514 586 699 637 Heldrl).
726 586 785 625 Fi.
810 587 898 625 Jan.
924 587 1019 636 Apr.

234 653 378 702 Sepala
402 654 458 691 eis
483 654 627 702 plantae
649 653 812 694 Gallicae
836 654 978 705 (Rchb.
1004 655 1029 695 f.
1054 654 1190 708 4650)
1215 657 1359 706 saepius
1378 656 1503 694 minus
1523 667 1731 694 numerosa
1748 657 1787 693 et
1812 655 1870 702 la-

174 714 274 751 tiora
297 717 385 751 sunt
410 713 479 750 sed
503 713 645 751 similia
668 718 797 753 tamen
821 719 1041 757 occurrunt.
1068 716 1228 766 Species
1252 717 1353 754 inter
1377 715 1423 754 A.
1459 715 1709 755 coronarium
1727 717 1765 753 et
1781 714 1869 753 stel-

174 775 296 812 latam
319 773 429 822 quasi
457 772 700 812 intermedia.

232 838 278 891 β.
304 835 750 893 purpureo-violacea.

233 907 334 944 Hab.
360 906 398 942 in
432 905 566 944 Attica
601 903 812 958 (Sprunl),
840 906 1037 945 Messenia
1076 906 1315 960 (Gsttardl),
1354 907 1452 947 Chio
1490 906 1661 959 (olivi),
1687 906 1868 956 Byzantii

176 964 313 1018 (Auch.
339 976 422 1003 exs.
448 961 564 1017 101).

233 1034 329 1072 Cum
353 1032 399 1072 A.
429 1035 584 1073 stellata
607 1045 677 1083 pro
701 1036 779 1083 qua
804 1046 910 1084 saepe
942 1034 1109 1074 habetur
1141 1035 1245 1074 foliis
1276 1039 1314 1075 et
1349 1036 1486 1074 florum
1519 1036 1652 1074 colore
1687 1034 1867 1083 congruit

173 1095 303 1132 differt
324 1097 453 1131 autem
477 1094 638 1133 floribus
663 1094 879 1143 majoribus
905 1097 943 1132 et
966 1096 1182 1143 praesertim
1211 1095 1357 1144 sepalis
1381 1095 1631 1144 paucioribus
1654 1094 1862 1132 latioribus

172 1154 297 1191 minus
324 1153 530 1202 elongatis.
548 1176 596 1182 ——
621 1151 667 1192 A.
689 1153 843 1193 variata
865 1154 1013 1193 Jordan
1037 1154 1131 1193 mihi
1148 1155 1304 1194 videtur
1326 1155 1496 1193 varietas
1520 1155 1689 1203 analoga
1718 1151 1866 1202 sepalis

172 1212 464 1262 angustioribus
490 1213 651 1252 donata.

230 1278 308 1319 Ar.
331 1278 496 1331 Geogr.
523 1280 652 1320 Gallia
675 1281 872 1320 australis.

227 1429 289 1472 A.
330 1430 572 1474 stellata
597 1429 730 1486 (Lam.
762 1429 868 1473 Dict.
901 1430 932 1472 I.
964 1444 1006 1487 p.
1046 1428 1150 1487 166)
1191 1429 1302 1473 soliis
1339 1429 1600 1473 radicalibus
1646 1427 1725 1472 3-5
1767 1442 1866 1486 par-

170 1487 254 1530 titis
281 1487 457 1531 sectisve
486 1488 717 1544 segmentis
744 1488 877 1532 ovatis
908 1489 974 1531 vel
1000 1488 1365 1532 lineari-cuneatis
1391 1489 1486 1546 plus
1514 1488 1655 1531 minus
1683 1487 1867 1531 dentatis

169 1547 231 1588 vel
265 1545 411 1590 incisis
449 1547 782 1591 involucralibus
809 1547 988 1604 integris
1021 1548 1086 1591 vel
1113 1547 1365 1602 subincisis,
1404 1547 1558 1604 sepalis
1599 1545 1708 1591 9-13
1752 1547 1867 1604 ellip-

169 1604 524 1649 tico-lanceolatis
556 1606 882 1660 obtusiusculis‚
921 1607 1191 1664 receptaculo
1228 1605 1672 1664 oblongo—cylindrico
1710 1614 1746 1655 26
1764 1641 1771 1649 .
1804 1606 1862 1649 lc.

169 1663 229 1706 Fl.
260 1663 395 1707 Graec.
427 1665 512 1708 tab.
542 1664 644 1708 515.
682 1665 815 1709 Rchb.
847 1665 874 1709 f.
905 1664 1036 1709 4649.
1067 1665 1121 1708 A.
1144 1665 1353 1709 hortensis
1381 1666 1426 1708 L.
1457 1679 1506 1708 ex
1533 1671 1671 1722 parte.

226 1736 328 1774 Hah.
353 1737 390 1774 in
406 1738 572 1775 callibus
588 1738 781 1776 umbrosis
799 1738 972 1786 regionis
996 1737 1296 1775 Mediterraneae
1310 1738 1379 1776 sed
1396 1737 1710 1786 praecedentibus
1729 1737 1863 1786 rarior,

167 1793 330 1833 Graeeiae
356 1794 479 1848 (Sibth
498 1798 554 1847 !)‚
586 1797 775 1845 Zacynthi
814 1790 1021 1848 (Margi),
1060 1796 1302 1836 Macedoniae
1330 1796 1513 1848 (Friv!)‚
1540 1796 1666 1835 Cretae
1702 1794 1864 1849 (Sieb.)‚

164 1854 333 1892 Troadis
359 1855 519 1902 (Glarke
542 1869 591 1895 ex
617 1857 760 1894 Pritzel
778 1854 804 1907 ).
831 1857 891 1894 Fl.
916 1854 1043 1905 primo
1067 1867 1172 1894 vere.

223 1919 269 1973 β.
305 1918 574 1962 Heldreichiz'
602 1918 738 1962 Boiss.
770 1919 921 1976 DIagn.
952 1918 1042 1962 Ser.
1066 1919 1098 1962 Ι.
1128 1918 1240 1962 VIII.
1270 1933 1312 1976 p.
1343 1917 1385 1962 3.
1417 1918 1573 1975 Major,
1611 1919 1739 1962 flores
1775 1920 1865 1976 pal-

166 1976 248 2019 lide
277 1977 550 2033 roseo-grisei
584 1977 644 2021 eis
671 1978 724 2021 A.
766 1978 1097 2022 ranunculoidz’s
1138 1978 1205 2021 vix
1240 1977 1441 2035 majores.
1471 1976 1623 2034 Saezpala
1664 1978 1862 2035 oblonga.

167 2035 377 2079 Involucri
405 2036 548 2080 foliola
574 2037 927 2094 ovato-oblonga.
960 2036 1116 2081 Forma
1142 2036 1359 2080 notabilis.

222 2106 325 2144 Hab.
350 2107 388 2143 in
412 2106 586 2145 dumosis
613 2108 800 2145 montium
824 2118 947 2156 prope
973 2106 1191 2156 Cydoniam
1217 2106 1344 2145 Cretae
1369 2106 1510 2157 (Heldr
1526 2107 1532 2143 !
1550 2106 1579 2157 ).

222 2163 299 2202 Ar.
325 2164 489 2216 Geogr.
515 2167 640 2215 Regio
664 2167 952 2205 Mediterranea
978 2167 1162 2216 Europae.

220 2316 282 2358 A.
309 2315 526 2360 hiflora
568 2317 654 2372 (Dc.
695 2315 802 2373 Syst.
835 2314 867 2358 I.
899 2329 941 2372 p.
972 2314 1077 2372 201)
1104 2315 1214 2359 soliis
1243 2314 1501 2359 radicalibus
1536 2314 1579 2357 bi
1615 2316 1680 2358 vel
1722 2316 1864 2359 {riter-

163 2373 380 2417 natisectis
408 2374 640 2430 segmentis
668 2374 925 2431 petiolulatis
959 2373 1116 2418 lohulis
1150 2373 1410 2417 abbreviatis
1447 2373 1640 2418 obovatis
1680 2374 1865 2429 obtusis,

164 2446 290 2489 scapo
319 2431 396 2474 1-02
425 2432 563 2476 rarius
589 2432 616 2476 3
643 2433 768 2486 ssoro,
798 2433 1007 2476 involucri
1034 2433 1189 2491 phyllis
1219 2432 1535 2489 multipartitis,
1565 2432 1784 2490 pedicellis
1804 2448 1868 2477 se-

166 2491 386 2534 cundariis
422 2491 757 2545 involucellatis‚
792 2491 972 2535 floribus
1007 2491 1259 2536 nutantibus
1303 2491 1403 2535 dein
1445 2492 1623 2546 erectis,
1661 2492 1814 2549 sepalis
1840 2492 1867 2536 5

165 2550 503 2606 ovato-oblongis
531 2550 859 2608 persistentibus
901 2558 1019 2595 extus
1057 2550 1232 2595 sericeis
1268 2550 1460 2604 flavidis,
1500 2551 1770 2607 receptaculo
1796 2552 1868 2595 he-

167 2608 443 2666 misphoerico
480 2617 542 2659 36.
578 2609 632 2653 A.
667 2608 1005 2653 Gortschakowz‘i
1031 2610 1131 2653 Kar.
1163 2616 1203 2653 et
1237 2609 1326 2653 Kir.
1363 2609 1519 2653 Enum.
1557 2608 1687 2666 Song.
1718 2618 1766 2652 n⁰
1792 2610 1862 2654 14.

227 2681 328 2719 Hab.
354 2681 392 2718 in
417 2681 570 2719 saxosis
594 2685 633 2719 et
667 2681 866 2729 argillosis
891 2681 1035 2719 Persiae
1067 2680 1201 2731 (Mich.
1226 2681 1265 2718 in
1293 2681 1401 2719 herb.
1438 2679 1631 2731 Delessl)
1656 2681 1705 2719 ad
1730 2682 1864 2721 ruinas

166 2739 389 2788 Persepolis
416 2738 511 2790 (Ky.
537 2741 628 2779 coll.
652 2741 761 2778 Pers.
787 2744 909 2779 austr.
936 2737 978 2776 v⁰
1007 2738 1119 2780 2191
1146 2745 1183 2779 et
1205 2739 1355 2792 2552),
1383 2740 1549 2778 desertis
1575 2740 1856 2780 Turkestaniae
1915 2765 1917 2767 -

168 2797 375 2851 (Le11m!)‚
402 2800 612 2848 Affgliania
635 2799 763 2851 (Griff.
794 2812 880 2839 mis,
909 2797 1055 2853 1052),
1079 2801 1308 2840 Belutschia
1328 2812 1452 2850 prope
1475 2800 1595 2838 Kelat
1631 2799 1797 2850 (Stocks
1813 2801 1864 2853 !)‚

168 2859 228 2897 Fl.
255 2859 371 2898 Febr.
397 2860 493 2908 Apr.

227 2928 355 2965 Radix
379 2928 488 2967 dura.
512 2928 623 2967 Folia
647 2928 909 2967 crassiuscula
926 2929 1117 2967 diametro
1141 2928 1359 2977 pollicaria.
1380 2927 1531 2976 Scapus
1545 2926 1624 2967 2-4
1642 2928 1857 2976 pollicaris.

170 2987 310 3037 Phylla
332 2988 522 3026 involucri
546 2991 668 3038 terna,
692 2986 918 3028 involucelli
941 2988 1045 3027 bina.
1072 2988 1211 3027 Flores
1235 2999 1363 3037 magn.
1388 2986 1435 3025 A.
1464 2999 1677 3027 nemorosae
1694 2989 1757 3026 vel
1788 2988 1864 3026 ml·
