2021 3235
929 140 984 185 85

165 233 266 271 Hab.
290 233 329 271 in
350 233 534 282 Bithynia
558 233 773 288 (Thu-ket),
798 236 903 275 circa
926 236 1088 275 Amasia
1111 241 1152 275 et
1172 238 1307 276 Tokat
1331 239 1521 279 Anatoliae
1539 237 1785 291 (Wiedcml).

167 299 337 349 PedaIe,
372 300 492 338 caulis
525 302 807 340 crassiusculus
840 302 958 339 ramis
995 303 1179 341 brevibus
1202 305 1480 353 pyramidatis‚
1519 307 1612 345 folia
1635 309 1787 348 sessilia

107 358 256 396 laciniis
281 360 458 398 tenuibus
493 360 691 399 confertis.
719 361 751 398 A
777 361 824 398 D.
852 362 999 399 aconiti
1032 362 1131 400 lobis
1175 363 1412 402 intermediis
1455 366 1575 413 petali
1614 367 1786 418 obtusis,

112 418 274 466 capsula
291 418 460 457 breviori
484 419 606 468 gibba
629 419 866 459 distinctum.

168 555 229 598 D.
271 554 726 604 anthoroideum
767 554 918 611 (Boiss.
959 555 1066 598 Ann.
1102 555 1167 598 Sc.
1214 556 1303 599 Nat.
1339 556 1476 610 1841,
1511 573 1549 614 p.
1586 557 1688 614 369)
1717 561 1789 602 ad-

107 625 250 669 presse
278 613 515 669 pubescens
541 612 783 656 dichotome
810 612 1075 656 divaricatim
1102 620 1143 656 et
1178 616 1363 657 tenuiter
1395 630 1636 669 ramosum,
1667 618 1789 673 pctali

108 670 203 714 lobo
231 671 451 728 superiore
478 670 609 714 bifido
638 671 904 714 intermediis
933 671 1265 727 triangularibus
1284 674 1416 716 acutis
1443 674 1651 729 longiore,
1682 675 1790 717 inse-

108 728 294 772 rioribus
322 728 559 785 majoribus
587 729 745 782 ovatis,
774 730 943 786 capsula
981 730 1335 785 oblongo-lineari
1373 735 1615 788 compressa
1651 733 1793 775 subin-

106 791 233 831 curva
260 787 376 845 apice
405 788 562 831 sensim
590 791 806 831 attenuata
835 787 1020 831 breviter
1048 792 1245 841 rostrata,
1275 790 1449 833 seminis
1477 790 1664 846 squamis
1692 791 1791 833 bre-

107 845 227 889 vibus
255 845 296 889 in
326 860 453 902 rugas
482 846 684 889 connexis
717 852 782 898 Ε).

168 917 268 955 Hab.
307 918 345 955 in
379 917 543 956 collibus
582 917 697 955 siccis
731 916 993 966 Cappadociae
1033 918 1081 955 ad
1118 917 1335 974 Caesaream
1370 913 1522 968 (Ball),
1549 919 1670 968 Syriae
1695 920 1793 957 inter

108 975 358 1015 Antiochiam
383 980 420 1014 et
445 976 597 1025 Aleppo
634 975 824 1026 (Boissl),
861 976 911 1013 ad
944 976 1101 1015 Aintab.
1135 974 1393 1029 (Hausskn!)‚
1427 978 1465 1014 in
1488 978 1636 1017 Libano
1672 990 1794 1027 prope

116 1036 227 1073 Eden
252 1040 290 1074 et
311 1036 535 1074 Antilibano
566 1034 718 1086 (Boissl
746 1035 870 1073 Gaill!
897 1034 975 1082 Ky.
1004 1047 1085 1074 exs.
1114 1035 1228 1076 1855
1252 1033 1295 1073 n⁰
1324 1035 1408 1076 105
1426 1035 1434 1075 !
1454 1037 1483 1087 ).

172 1100 215 1154 β.
248 1100 568 1142 sclerocladam.
599 1099 720 1143 Rami
747 1098 1047 1157 pyramidatim
1076 1107 1116 1143 et
1142 1114 1358 1143 racemose
1392 1101 1593 1144 ramulosi
1622 1102 1791 1144 demum

116 1157 387 1214 rigidissimi,
421 1158 509 1201 lobi
550 1157 794 1201 intermedii
827 1157 952 1214 petali
989 1158 1254 1211 obtusiores‚
1296 1159 1518 1202 inferiores
1567 1173 1589 1201 a
1630 1159 1793 1202 caeteris

115 1215 211 1259 sinu
249 1216 494 1273 angustiore
521 1216 714 1273 sejuncti.
747 1216 800 1260 D.
834 1216 1140 1259 scleroctadmn
1166 1217 1295 1261 Boiss.
1323 1217 1470 1273 Diagn,
1501 1217 1589 1261 Ser.
1620 1217 1653 1271 Ι,
1681 1217 1791 1271 VIII,

175 1346 277 1385 Hah.
314 1346 354 1384 in
394 1345 533 1385 Cilicia
571 1347 731 1386 littorali
771 1344 918 1400 (Ball),
952 1347 990 1384 in
1018 1346 1132 1396 Syria
1155 1347 1305 1386 boreali
1345 1347 1443 1385 inter
1484 1346 1720 1386 Laodiceam
1757 1351 1796 1385 et

117 1405 270 1454 Aleppo
297 1403 477 1458 (Boissl).

175 1473 346 1522 capsula
367 1475 522 1513 omnino
541 1475 628 1523 'typi
651 1478 689 1512 et
706 1475 839 1513 formae
863 1474 1103 1513 intermediae
1128 1474 1256 1523 quoad
1279 1486 1472 1512 ramorum
1497 1474 1791 1523 dispositionem

115 1538 333 1573 occurrunt.

171 1678 230 1721 D.
259 1678 680 1729 Hohenackeri,
705 1678 904 1734 adpresse
932 1684 972 1720 et
998 1677 1183 1720 breviter
1200 1676 1420 1730 hirtulurn,
1445 1676 1573 1720 ramis
1601 1676 1790 1719 ramulis-

113 1750 194 1792 que
221 1735 451 1791 gracilibus
477 1735 744 1789 divaricatis,
774 1735 956 1779 racemis
973 1736 1131 1791 longis,
1161 1735 1285 1791 petali
1314 1735 1410 1778 lobo
1438 1735 1655 1791 superiore
1675 1735 1788 1777 brevi

114 1794 263 1837 obtuse
296 1793 425 1837 bifido
457 1794 726 1838 intermediis
759 1794 922 1838 obtusis
955 1794 1212 1851 aequilongo,
1242 1793 1516 1836 inferioribus
1543 1793 1672 1836 ovatis
1700 1807 1789 1835 ma-

109 1852 298 1910 joribus,
337 1854 506 1909 capsula
534 1853 761 1896 semiovata
797 1853 924 1908 gibba
951 1853 1041 1896 basi
1070 1855 1284 1895 attenuata
1321 1852 1497 1908 abrupte
1531 1858 1570 1894 et
1602 1850 1789 1906 longius-

113 1911 204 1954 cule
239 1912 441 1964 rostrata,
478 1911 665 1968 squamis
697 1911 875 1955 seminis
908 1911 1184 1966 longiusculis
1221 1909 1427 1952 distinctis
1459 1916 1522 1961 Θ.
1553 1909 1603 1952 D.
1639 1908 1788 1951 antho-

112 1970 304 2012 roideam
322 1969 452 2012 Boiss.
485 1984 531 2013 ex
559 1978 692 2028 parte.
723 1970 775 2013 D.
800 1971 959 2012 aconiti
978 1969 1143 2012 Hohen.
1175 1968 1350 2026 Talysch
1377 1968 1527 2010 Enum.
1559 1981 1643 2010 non
1672 1967 1715 2010 L.

171 2048 271 2086 Hab.
297 2048 335 2085 in
374 2048 627 2098 Cappadocia
650 2050 699 2087 ad
724 2049 964 2097 Euphratem
993 2047 1132 2099 (Auch.
1168 2060 1251 2085 eXS.
1281 2045 1412 2097 651),
1449 2046 1633 2083 Armenia
1669 2055 1790 2093 prope

115 2106 325 2145 Erzeroum
347 2106 492 2160 (Calvi)
518 2111 556 2146 et
580 2109 747 2148 Baibout
772 2105 973 2160 (Bourgl)‚
1000 2108 1203 2157 provincia
1236 2105 1410 2155 Talysch
1437 2102 1650 2158 (Hohenl).

172 2173 355 2213 Glabrius
377 2176 612 2224 praecedenti
636 2188 660 2214 a
684 2188 759 2225 quo
782 2179 923 2224 praeter
947 2175 1209 2213 characterem
1236 2173 1358 2210 minus
1383 2183 1542 2219 gravem
1570 2170 1686 2218 petali
1728 2172 1789 2206 sat

114 2234 269 2272 differre
293 2235 446 2273 videtur
464 2236 625 2285 capsula
648 2235 817 2274 breviori
843 2235 971 2273 latiori
998 2234 1118 2280 latere
1143 2231 1333 2282 superiori
1359 2231 1471 2268 valde
1491 2229 1607 2278 gibba
1637 2228 1664 2268 5
1686 2224 1788 2280 ¹l2-4

114 2293 180 2331 lin.
200 2294 318 2343 longa
340 2292 368 2332 2
393 2295 483 2332 lata.

228 2465 248 2520 ᾗ
280 2463 321 2506 6.
359 2464 559 2507 Petatam
576 2466 812 2507 indivisam
832 2469 1065 2506 transverse
1084 2462 1232 2504 latias:
1257 2459 1407 2502 Calcat·
1420 2458 1661 2521 petatinani
1673 2456 1790 2523 apice

403 2529 629 2566 curvatam
648 2523 886 2578 litaiforme
902 2522 1063 2564 calcare
1079 2520 1268 2575 calycino
1287 2518 1406 2573 lonqo
1423 2522 1529 2559 recto
1546 2519 1789 2570 saceilormi

401 2596 577 2624 sarsum
602 2582 811 2638 spectanti
836 2582 1053 2623 inctasam

172 2741 231 2784 D.
259 2742 697 2793 Teheranicum‚
717 2741 916 2798 adpresse
943 2746 984 2781 et
1009 2737 1193 2780 breviter
1219 2736 1422 2778 hirtulum
1450 2733 1578 2776 ramis
1607 2732 1791 2797 tenuiter

113 2797 283 2854 virgatis
323 2799 553 2853 gracilibus
595 2798 850 2843 dichotomis
893 2795 1242 2847 subdivaricatis,
1291 2793 1468 2835 floribus
1496 2791 1790 2834 terminalibus

113 2856 237 2912 longe
262 2853 580 2914 pedunculatis,
609 2859 748 2915 petalo
775 2855 1129 2913 ovato-quadrato
1157 2852 1274 2909 apice
1302 2858 1493 2893 truncato
1523 2855 1788 2898 mucronato,

115 2915 275 2959 calcare
301 2918 439 2973 petalo
467 2916 828 2973 sesquilongiore,
857 2914 1080 2971 capsula...
1117 2918 1181 2964 Θ.
