2021 3235
894 141 976 185 207

153 300 207 342 Ε.
236 310 604 354 purpureum
633 298 785 353 (Auch.
817 299 860 340 in
888 298 1021 341 Boiss.
1055 299 1111 341 Pl.
1143 300 1277 342 Auch.
1303 301 1412 343 Ann.
1435 300 1498 343 Sc.
1522 302 1614 345 Nat.
1647 303 1776 358 1842,

94 372 135 414 p.
166 356 238 413 82)
281 370 527 409 canescens,
564 356 810 399 caudicibus
844 357 1225 413 procumbentibus
1259 358 1558 413 suffruticosis,
1586 362 1779 405 caulibus

95 415 315 459 herbaceis
334 414 661 458 ascendentibus
679 415 869 471 pumilis,
898 415 1009 458 soliis
1036 422 1214 472 anguste
1241 416 1475 460 linearibus
1503 418 1780 463 inferioribus

95 472 673 530 runcinato-pinnatipartitis
711 473 1006 530 superioribus
1043 475 1226 527 dentatis
1266 476 1328 518 vel
1370 476 1562 532 integris,
1605 478 1782 522 ssoribus

95 532 381 575 mediocribus
408 531 656 574 brevissime
683 532 944 588 pedicellatis
971 533 1216 589 purpureis,
1257 533 1422 590 siliquis
1448 535 1652 591 pedicello
1681 538 1781 580 sub-

95 591 327 634 incrassato
354 590 535 633 suffultis
563 591 883 647 erecto-patulis
910 590 1074 634 incanis
1102 591 1145 633 in
1173 593 1326 649 stylum
1353 607 1501 636 earum
1527 594 1632 637 latit.
1653 596 1781 652 duplo

94 649 330 705 longiorem
359 649 688 703 subattenuatis,
718 649 913 705 stigmate
942 657 1087 693 retuso
1123 656 1158 697 26
1174 685 1180 691 .

152 728 253 766 Hab.
290 728 328 764 in
368 728 563 766 montibus
599 727 795 766 Armeniae
824 727 967 778 (Auch.
994 739 1076 767 exs.
1110 727 1281 779 162!)‚
1305 729 1532 769 Antilibano
1562 732 1661 769 inter
1686 733 1779 770 Ras-

95 787 219 835 clieya
243 791 282 825 et
305 787 539 825 Damascum
563 787 716 838 (Boiss!
742 787 888 837 Gailll)
924 790 962 825 et
994 799 1113 836 supra
1136 789 1288 827 Bludan
1323 789 1404 840 (Ky
1429 801 1511 828 exs.
1547 789 1632 830 145
1658 784 1711 843 l),
1744 793 1781 829 in

94 844 247 885 Libano
273 859 392 895 supra
416 847 528 884 Eden
551 844 629 900 (Ky
651 845 696 898 Ξ).

154 912 294 951 Caules
329 913 489 952 floriferi
516 912 591 954 5-6
627 914 853 963 pollicares,
888 914 1003 952 flores
1042 913 1069 954 5
1105 915 1230 953 lineas
1269 916 1375 964 longi
1416 916 1560 954 lamina
1598 918 1780 964 oblonga.

95 972 297 1012 Glandulae
321 974 489 1021 placent.
515 973 721 1023 bipartitae,
741 974 893 1022 siliquae
919 970 1060 1026 1-1112
1087 975 1307 1023 pollicares.

407 1131 438 1182 †
469 1131 499 1183 †
531 1132 822 1171 Heterotricha.
849 1133 923 1169 Pili
948 1133 1126 1182 bipartiti
1146 1136 1184 1170 et
1207 1133 1462 1181 pluripartiti.

147 1255 202 1296 E.
231 1255 594 1310 pulchellum
622 1254 784 1309 (Willd.
816 1253 886 1310 Sp.
916 1254 983 1306 ΙΙΙ,
1013 1269 1053 1311 p.
1086 1254 1173 1297 5023
1205 1255 1283 1297 sub
1315 1253 1596 1311 Cheirantho)
1626 1255 1778 1309 viride,

92 1312 360 1369 caespitosuin
380 1314 440 1356 vel
459 1312 701 1370 multiceps,
722 1313 916 1356 caulibus
943 1313 1275 1356 ascendentibus
1303 1313 1465 1357 foliosis
1493 1313 1778 1370 simplicibus,

93 1371 203 1426 pube
240 1372 439 1414 foliorum
476 1371 677 1429 bipartita
714 1371 809 1428 pilis
846 1372 991 1428 paucis
1028 1370 1105 1414 3-5
1132 1372 1301 1428 partitis
1342 1372 1483 1415 mixtis
1527 1372 1779 1429 siliquarum

93 1430 271 1483 stellata,
301 1431 411 1474 foliis
439 1430 716 1473 inferioribus
743 1430 1202 1487 oblongo-spathulatis
1229 1431 1411 1474 dentatis
1438 1432 1499 1474 vel
1526 1431 1687 1488 lyratis,
1716 1446 1781 1474 su-

92 1488 334 1544 perioribus
362 1489 582 1533 sessilibus
609 1488 805 1544 oblongis
832 1490 894 1531 vel
920 1489 1168 1532 lanceolatis
1196 1496 1316 1533 acute
1343 1490 1779 1547 pectinato-dentatis,

94 1549 362 1591 surculorum
392 1548 601 1591 sterilium
628 1547 873 1590 lanceolatis
901 1562 1012 1605 saepe
1040 1547 1236 1604 integris,
1276 1548 1454 1591 floribus
1491 1548 1779 1591 mediocribus

93 1605 297 1661 pedicello
325 1608 462 1665 calyce
490 1606 667 1655 dimidio
695 1606 880 1649 breviori
908 1606 1106 1659 suffultis,
1128 1606 1292 1664 siliquis
1310 1606 1625 1664 erecto-patulis
1644 1608 1780 1650 tenui-

95 1663 191 1716 bus,
234 1667 338 1723 stylo
376 1665 539 1722 siliquae
577 1665 681 1708 latit.
722 1664 793 1708 2-3
820 1666 889 1721 plo
925 1665 1107 1721 longiori
1137 1665 1254 1708 tenui
1282 1665 1476 1721 stigmate
1504 1665 1685 1721 capitato
1720 1671 1776 1712 26.

94 1721 149 1764 E.
180 1723 436 1767 larciniacum
463 1725 598 1767 Boiss.
628 1723 776 1779 Diagn.
809 1723 899 1767 Ser.
931 1724 963 1774 I,
994 1723 1028 1777 l,
1057 1738 1097 1780 p.
1132 1723 1200 1767 71.
1239 1725 1426 1767 Turritz's
1457 1723 1696 1768 Orz'entalz's
1722 1726 1782 1780 so-

96 1780 168 1823 liis
195 1783 444 1826 cichoraceis
471 1784 630 1826 Tourn.
661 1781 755 1825 Cor.
787 1790 828 1825 et
854 1782 988 1825 herb!

153 1852 253 1891 Hab.
277 1855 316 1891 in
340 1855 501 1903 regione
520 1853 655 1907 alpina
680 1852 839 1901 Olympi
861 1853 1021 1901 Bithyni
1047 1846 1197 1903 (Sibthl
1228 1852 1351 1890 Auch.
1369 1864 1450 1890 eXS.
1477 1850 1585 1893 164!
1611 1853 1780 1906 Boiss!)‚

95 1911 225 1950 Tmoli
250 1917 288 1951 et
307 1913 442 1952 Cadmi
465 1914 597 1962 (Boiss
614 1911 659 1963 l),
685 1913 824 1950 montis
848 1912 1127 1962 Bereketdagh
1151 1912 1284 1960 Lyciae
1314 1909 1537 1965 (restam),
1572 1912 1776 1961 Cappado-

97 1971 165 2009 ciae
190 1971 340 2022 (Tourn
357 1971 394 2025 Ι),
420 1973 535 2011 Ponti
561 1972 758 2023 (Tabim),
783 1972 979 2010 Armeniae
1002 1973 1178 2010 Rossicae
1205 1966 1345 2024 (Huetl
1375 1971 1561 2022 Bourgl).

153 2037 198 2091 β.
230 2037 579 2094 microplzyllum.
625 2035 856 2089 Pumilum,
896 2036 994 2079 solia
1027 2035 1172 2079 omnia
1205 2036 1590 2092 ovato-spathulata
1616 2037 1679 2078 vel
1707 2038 1781 2079 ob-

95 2094 236 2152 longa.
279 2095 569 2139 Cheiranthus
596 2095 804 2152 rupestris
831 2093 966 2138 Sibth.
998 2101 1039 2138 et
1063 2094 1148 2138 Sm.
1182 2094 1330 2137 Prodr.
1364 2094 1415 2147 ll,
1445 2108 1486 2150 p.
1517 2094 1588 2138 93.
1629 2098 1676 2136 Ε.
1707 2111 1784 2138 ru-

95 2159 231 2208 pestre
257 2154 317 2197 Fl.
350 2154 484 2198 Graec.
517 2154 602 2197 tab.
634 2152 734 2197 633.

154 2224 255 2263 Hab.
281 2225 319 2262 in
345 2223 513 2273 Olympo
541 2223 711 2273 Bithyno
730 2217 878 2276 (Sibthl
909 2217 1084 2274 Boissl).

155 2309 194 2347 y.
229 2286 432 2331 Calverti.
463 2287 650 2341 Nanum,
679 2285 777 2329 folia
804 2286 949 2329 omnia
976 2285 1419 2342 oblongo-lanceolata
1446 2285 1695 2342 subintegra
1721 2288 1781 2329 vel

97 2345 282 2390 dentata.
314 2346 370 2389 E.
399 2351 592 2403 rupestre
618 2359 710 2388 var.
742 2344 932 2388 Calverti
959 2345 1091 2388 Boiss.
1124 2344 1273 2401 Diagn.
1308 2343 1396 2386 Ser.
1430 2345 1481 2397 ll,
1510 2344 1559 2397 V,
1589 2358 1630 2401 p.
1652 2344 1721 2387 22.

156 2417 257 2455 Hab.
292 2417 330 2453 in
365 2417 550 2454 Armenia
572 2415 683 2465 (Calv
701 2414 761 2464 l),
787 2416 837 2451 ad
862 2413 1177 2453 Gumuchkhane
1205 2407 1374 2465 (Boni-g!
1404 2426 1490 2452 cum
1521 2414 1648 2452 forma
1685 2414 1783 2462 typi-

99 2475 170 2526 ca)
188 2507 197 2525 ,
225 2476 262 2513 in
287 2479 416 2514 monte
440 2474 714 2524 Arekligeduk
738 2473 935 2512 Armeniae
952 2474 1127 2512 Rossicae
1151 2472 1337 2524 (Szowl).

157 2543 317 2592 Species
339 2542 474 2581 habitu
499 2543 699 2581 variabilis
721 2554 823 2580 nunc
846 2540 922 2582 25
949 2541 1145 2591 pollicaris
1176 2540 1280 2579 foliis
1306 2540 1461 2578 minutis
1493 2540 1666 2578 breviter
1693 2540 1783 2578 den—

99 2602 201 2651 tatis,
224 2615 325 2641 nunc
356 2601 430 2641 1-2
459 2603 610 2651 pedalis
642 2601 746 2640 foliis
779 2602 971 2650 elongatis
996 2602 1080 2640 basi
1109 2599 1300 2650 profunde
1335 2599 1540 2638 laciniatis.
1568 2600 1704 2637 Flores
1730 2600 1783 2636 in-

99 2665 209 2700 tense
232 2662 341 2701 aurei
374 2663 533 2710 magnit.
557 2662 603 2700 E.
635 2662 896 2710 canescentia,
932 2661 1127 2709 glandulae
1148 2661 1318 2709 placent.
1346 2659 1487 2697 bilobae
1512 2659 1613 2697 lobis
1640 2658 1785 2697 conicis

101 2722 165 2759 vel
189 2722 448 2760 filiformibuS.
474 2721 633 2771 Siliquae
655 2722 879 2770 pollicares.

162 2868 217 2910 Ε.
244 2865 533 2922 pallidum
572 2863 722 2921 (Boiss.
753 2864 797 2907 in
823 2863 981 2919 Bourg,
1010 2863 1065 2920 pl.
1098 2876 1190 2905 exs.>
1214 2860 1345 2918 4860)
1368 2874 1611 2913 canescens,
1642 2859 1784 2902 multi-

105 2925 240 2978 caule,
268 2924 382 2982 pube
407 2922 535 2967 totius
561 2923 714 2979 plantae
742 2921 838 2979 pilis
865 2921 891 2964 2
918 2930 959 2964 et
981 2920 1053 2964 3-4
1071 2919 1237 2977 partitis
1264 2919 1402 2962 mixtis
1429 2918 1655 2971 constanti,
1685 2931 1784 2960 cau-
