2021 3235
895 80 972 124 861

95 172 231 230 planis
256 171 489 214 linearibus
517 170 650 213 acutis
677 170 973 214 subtrinerviis
1000 171 1192 226 margine
1225 171 1398 214 laevibus
1415 208 1424 225 ,
1464 173 1616 230 sepalis
1652 173 1784 216 ovatis

97 230 347 275 acuminatis
390 228 605 272 trinerviis
647 229 839 272 ciliolatis
882 229 1038 272 corolla
1089 229 1215 286 triplo
1258 229 1526 273 brevioribus
1569 233 1783 288 capsulam

95 289 386 346 aequantibus,
416 287 563 345 petalis
591 287 784 330 caeruleis
816 288 998 330 crenatis
1016 323 1025 339 ,
1064 289 1245 344 capsulae
1273 288 1402 345 septis
1430 291 1622 345 margine
1651 291 1782 333 inter-

95 362 149 391 no
176 347 332 400 glabris
365 353 430 399 Θ.
463 346 596 389 Rchb.
628 346 698 400 fig.
732 345 861 388 5155.

154 411 239 448 Hab
265 411 302 447 in
328 422 435 457 prov.
456 410 801 446 Transcaucasicis
828 415 865 445 et
890 410 1035 446 ditione
1060 409 1234 457 Talysch
1261 406 1321 461 (ex
1346 411 1392 447 cl.
1410 410 1563 448 Hohen.
1589 412 1762 458 subspon

96 464 283 524 taneum),
306 470 342 506 in
368 469 514 507 Tauria
538 468 778 505 meridionali
801 470 865 516 (ex
889 468 1037 519 Stev.);
1062 469 1207 517 ubique
1232 469 1388 506 cultum.

153 607 208 649 L.
236 606 458 650 humile
487 602 604 661 (Mill.
635 604 739 648 Dict.
770 614 817 647 n⁰
845 605 909 661 ⁹2),
938 606 1056 648 caule
1076 612 1234 659 erecto,
1265 606 1375 649 foliis
1396 606 1531 663 planis
1550 606 1784 650 linearibus

95 664 229 708 acutis
248 663 542 712 subtrinervjis
560 664 752 719 margine
785 663 977 716 laevibus,
1007 664 1159 721 sepalis
1187 664 1319 707 ovatis
1347 664 1600 708 acuminatis
1627 666 1783 708 triner-

96 723 172 765 viis
199 723 391 766 ciliolatis
418 722 574 765 corolla
603 722 729 779 triplo
757 724 925 778 capsula
954 724 1079 779 paulo
1108 723 1393 776 brevioribus,
1422 723 1571 781 petalis
1590 725 1784 767 caeruleis

96 781 290 837 integris,
319 782 501 838 capsulae
531 780 659 836 septis
688 781 880 836 margine
910 781 1076 824 interno
1104 781 1255 824 ciliatis
1278 788 1342 834 (D.
1374 783 1420 825 L,
1453 784 1784 826 nsitmelssessmzmiz

96 842 126 895 β
153 840 364 896 crepitans
392 839 561 883 Schiibl.
595 846 635 881 et
662 840 779 881 Mart.

158 904 255 940 Hab.
282 905 317 939 in
346 903 478 948 cultis,
516 904 550 938 in
583 902 719 940 Cilicia
740 903 788 939 ad
814 902 984 939 Mei-sina
1010 901 1219 953 (Cadeti),
1247 905 1282 940 iu
1308 905 1413 957 agri-s
1439 905 1638 953 argillosis
1662 904 1785 953 Syriae

99 963 180 999 bor.
210 963 257 998 ad
284 961 410 1010 Surug
428 961 654 1011 (Hausski),
680 961 729 998 ad
747 962 857 999 basin
875 961 1083 999 Hermonis
1106 962 1164 1013 (Bl
1181 961 1221 1011 !).
1248 963 1587 1011 Subspontaneum
1612 965 1649 1001 in
1674 966 1786 1003 cultis

98 1021 263 1069 AEgypti
289 1018 469 1073 (Boiss!)‚
497 1021 713 1069 Affghaniae
741 1019 912 1073 (Griffz).
941 1022 1050 1069 Saepe
1078 1023 1234 1060 cultum.

159 1081 398 1119 praecedenti
425 1081 607 1119 humilius
632 1085 669 1117 et
690 1081 893 1126 ramosum,
918 1082 1086 1129 capsulae
1111 1082 1270 1119 elastice
1295 1082 1545 1121 dissilientes.

154 1145 199 1198 β.
229 1142 561 1200 stenophyllum.
594 1142 709 1185 Folia
737 1149 915 1199 angusta
943 1144 1172 1201 rigidiora,
1207 1145 1348 1201 sepala
1375 1145 1580 1189 interiora
1606 1146 1783 1203 profun-

97 1202 192 1245 dius
219 1202 490 1245 denticulata.
522 1202 569 1245 L.
599 1201 893 1245 Holaenaakeri
918 1203 1051 1246 Boiss.
1082 1203 1230 1259 Diagn.
1262 1203 1351 1247 Ser.
1385 1204 1437 1256 ΙΙ,
1468 1205 1500 1258 Ι,
1531 1219 1570 1262 p.
1603 1204 1675 1248 97.

172 1266 271 1303 Hab.
295 1265 344 1301 ad
381 1266 532 1304 radices
558 1265 698 1302 montis
722 1265 839 1303 Sabst
861 1266 1034 1304 Bucliom
1059 1279 1182 1315 prope
1214 1266 1372 1304 Schiraz
1397 1269 1434 1304 in
1461 1268 1598 1306 Persia
1622 1269 1782 1306 australi

102 1325 183 1375 (Ky
209 1336 289 1362 exs
316 1321 430 1364 364!
469 1326 539 1363 sub
568 1324 604 1362 L.
634 1322 919 1372 usitatissimo).

765 1463 804 1504 b.
839 1466 1113 1505 Perennantia.

156 1580 211 1622 L.
241 1578 694 1635 anqustiiolium
722 1577 874 1633 (Huds.
906 1578 936 1621 F
941 1579 967 1620 l.
999 1578 1119 1635 Angl.
1153 1577 1255 1636 134>
1285 1593 1308 1621 a
1336 1580 1443 1622 collo
1470 1579 1626 1637 saepius
1655 1582 1785 1638 pluri-

97 1638 232 1691 caule‚
262 1636 455 1680 caulibus
482 1635 827 1690 ascendentibus,
857 1637 966 1680 foliis
994 1637 1151 1694 sparsis
1179 1637 1327 1680 lineari
1346 1638 1623 1682 -lanceolatis
1650 1641 1784 1684 acutis

96 1695 345 1749 uninerviis‚
376 1695 529 1752 sepalis
555 1695 712 1738 corolla
738 1696 920 1738 caerulea
946 1695 1039 1752 ΨΑ
1068 1697 1135 1753 plo
1162 1695 1430 1740 brevioribus
1457 1698 1670 1754 capsulam
1690 1699 1785 1742 sub-

96 1754 362 1812 aequantibus
397 1754 529 1797 ovatis
567 1753 751 1796 breviter
786 1754 1037 1799 acuminatis
1074 1754 1310 1798 uninerviis
1338 1756 1619 1800 exterioribus
1646 1758 1784 1800 denti-

97 1812 422 1866 culato-ciliatis,
452 1812 600 1869 pessalis
627 1812 804 1868 integris
835 1818 881 1864 (D
906 1821 962 1862 26.
994 1815 1040 1857 L.
1072 1814 1308 1857 cribrosum
1335 1814 1469 1857 Rchb.
1501 1815 1574 1871 sig.
1604 1815 1703 1860 330.
1734 1816 1781 1859 L.

93 1877 256 1929 ayreste
297 1871 409 1914 Brot.
453 1871 514 1914 Fl.
560 1870 691 1913 Lusit.
737 1871 783 1913 L.
815 1872 1152 1915 usitatissimum
1192 1872 1237 1914 L.
1284 1873 1405 1915 herb.
1444 1887 1522 1917 nec
1549 1874 1617 1931 Sp.
1650 1876 1780 1932 plant.

96 1930 260 2031 Grizeb.
299 1930 440 1987 Spicil.
480 1944 522 1987 p.
564 1928 662 1971 117.
712 1930 759 1971 L.
800 1931 1096 1987 maryz'natum
1137 1929 1245 1974 Poir.
1287 1931 1443 1975 Ledeb.
1485 1933 1543 1974 Fl.
1584 1934 1704 1977 Ross.
1746 1941 1786 1977 et

97 1989 175 2032 her
218 1989 226 2031 l

157 2052 255 2089 Hab.
282 2051 319 2087 iu
345 2051 502 2098 pascuis
528 2056 563 2088 et
588 2051 752 2088 collibus
776 2051 948 2090 herbidis
972 2053 1091 2090 totius
1116 2051 1279 2091 Graeoiae
1313 2057 1351 2091 et
1375 2053 1615 2102 Cycladum!
1659 2055 1785 2094 Cretae

98 2108 212 2162 (Rani
230 2108 273 2160 !),
299 2109 537 2148 Macedoniae
560 2114 596 2147 et
614 2109 795 2148 Thraciae
820 2103 1037 2163 (Griseffl),
1060 2112 1253 2150 Anatoliae
1277 2114 1515 2162 maritimae!‚
1540 2113 1662 2163 Syriae
1683 2116 1783 2153 litto-

94 2171 186 2207 ralis
212 2173 249 2207 et
271 2169 310 2206 in
333 2169 484 2207 Libano
513 2165 636 2222 (Gaill
655 2166 694 2221 l),
721 2169 928 2208 Palestinae
955 2169 1035 2222 (Ky
1059 2183 1139 2210 exs.
1170 2169 1260 2212 489
1278 2170 1317 2220 !)‚
1345 2185 1456 2221 prOV.
1482 2173 1785 2213 Caucasicarum

95 2227 270 2278 (C.A.M!
299 2227 438 2266 Hohen
455 2220 499 2279 !).
524 2228 582 2266 Fl.
608 2240 711 2266 vere.

154 2288 289 2325 Variat
313 2288 472 2336 statura,
497 2288 602 2326 foliis
624 2288 711 2336 plus
734 2289 859 2326 minus
883 2289 1123 2328 abbreviatis
1148 2295 1184 2327 et
1207 2292 1366 2338 strictis,
1392 2291 1508 2330 flores
1532 2293 1610 2330 illis
1634 2293 1676 2331 L.
1702 2294 1779 2332 usi-

96 2347 281 2386 tatissimi
304 2347 463 2384 dimidio
488 2347 678 2397 minores3
703 2347 885 2385 antheras
912 2361 934 2385 a
957 2350 1003 2387 cl.
1032 2348 1196 2387 Grenier
1222 2355 1259 2388 et
1283 2349 1445 2388 Godron
1471 2352 1784 2391 suborbiculatas

96 2409 221 2446 dictas
246 2417 400 2454 semper
421 2406 849 2455 oblongo-saginatas
891 2408 971 2445 vidi
1009 2408 1078 2445 sed
1119 2409 1195 2446 illis
1228 2410 1532 2458 praecedentium
1567 2412 1783 2451 breviores.

95 2466 188 2505 Haec
211 2465 364 2514 species
387 2466 435 2503 ab
458 2465 685 2504 auctoribus
711 2467 894 2514 perennis
918 2467 1024 2504 dicta
1047 2468 1177 2515 potius
1202 2480 1423 2517 perennans
1450 2474 1509 2507 est
1534 2482 1634 2509 anno
1661 2472 1784 2519 priori

97 2537 201 2573 saepe
221 2526 363 2563 florens
387 2529 424 2562 et
447 2528 536 2562 tunc
564 2525 683 2563 caulis
709 2525 790 2562 fere
817 2536 973 2574 semper
998 2527 1211 2565 solitarius.

153 2582 225 2622 Ar.
259 2588 414 2633 Geogr.
448 2583 587 2621 Insulae
610 2582 893 2634 Canarienses,
919 2585 1028 2634 regio
1055 2585 1340 2624 mediterranea
1364 2587 1533 2636 Europae
1569 2592 1606 2626 et
1641 2589 1784 2629 Africae

96 2640 281 2683 borealis.

798 2748 834 2774 c.
869 2737 1072 2775 Perennia.

155 2857 210 2900 L.
238 2856 483 2912 Bunqei,
525 2869 547 2898 a
580 2855 686 2899 collo
730 2855 1043 2900 suffrutescenti
1087 2856 1356 2912 multicaule‚
1401 2859 1595 2904 caulibus
1632 2863 1782 2906 erectis
