2021 3235
949 147 1006 191 49

419 272 462 314 h.
492 272 618 324 Calyx
642 273 827 312 reflexus.

177 368 245 420 R.
288 375 988 434 Constantinopolitanus
1025 377 1143 433 (UrV.
1180 380 1333 425 Enum.
1373 397 1412 439 p.
1448 383 1521 441 61)
1556 387 1607 428 ad
1649 390 1810 433 caulem

129 440 170 478 et
193 434 372 492 petiolos
406 443 645 480 retrorsum
680 436 853 479 villosus
886 436 937 479 ad
974 435 1073 479 folia
1108 438 1305 494 adprosse
1338 442 1550 493 serioeus,
1581 445 1810 491 rliizoinzm¹

128 493 246 536 brevi
273 502 405 548 recto,
435 496 554 539 caule
580 509 760 552 procero
788 495 1040 552 oorymboso
1068 497 1315 551 niultissoro,
1344 500 1455 543 foliis
1479 502 1811 559 longopotiolattis

129 551 292 596 ambitu
320 553 730 609 triangulari-ovans
756 552 911 597 trifidis
938 551 1155 611 partitisvb
1183 556 1482 611 partitionibus
1524 562 1655 604 ovatis
1693 573 1811 606 avuto

129 610 281 654 lobatis
317 610 600 669 dentatisque.
641 611 895 669 pedunculis
930 612 1159 667 teretibus,
1189 616 1382 671 carpellis
1414 618 1814 677 plano-emnpressis

128 669 378 725 marginatis
404 677 542 714 rostro
569 670 1032 714 circinnato-unoinato
1060 671 1120 714 eis
1137 672 1261 729 triplo
1289 676 1352 717 vel
1371 676 1607 733 quadruplo
1628 679 1811 723 breviori

132 728 311 785 abrupte
345 729 557 787 superatis
585 737 645 779 26.

190 799 291 838 Hab.
317 801 367 838 ad
404 813 520 850 sepes
547 801 652 839 circa
687 799 920 849 Byzantium
943 800 1062 847 (Urvi
1092 799 1261 841 Griseb!
1290 803 1515 856 Thirke!),
1550 807 1589 844 in
1624 808 1815 847 Anatoliae

133 863 264 898 monte
287 859 519 909 Ylgasdagh
545 859 701 911 (Wiedt
719 859 749 911 ),
773 859 823 897 ad
847 859 1134 909 Trapezuntem
1159 862 1325 912 (Bourg!
1345 863 1373 913 ).
1400 863 1458 903 Fl.
1486 870 1567 904 aest.

190 926 329 965 Affinis
354 926 400 966 R.
432 927 664 976 lanuginoeo
697 926 767 964 sed
793 925 969 979 rhjzoma
1001 931 1168 978 rectum,
1204 927 1299 967 folia
1332 930 1482 970 sericea
1515 942 1618 981 saepe
1652 935 1813 985 majora,

136 986 253 1034 calyx
275 987 462 1036 reflexus,
488 991 657 1025 rostrum
680 985 852 1024 brevius.

194 1050 240 1105 β.
278 1048 492 1093 Persicus.
524 1049 625 1093 Pilis
652 1047 825 1093 deflexis
850 1048 1118 1105 longioribus
1146 1050 1423 1106 rigidioribus
1450 1053 1627 1099 obsitus.
1658 1056 1708 1099 R.
1738 1057 1820 1099 vil-

135 1107 343 1210 losuslpc.
374 1108 482 1167 Syst.
529 1109 572 1163 Ι,
601 1122 643 1166 p.
682 1107 784 1152 283.
829 1106 880 1150 R.
927 1108 1208 1165 lanuyinosus
1250 1109 1381 1154 Boiss.
1423 1119 1464 1155 et
1498 1114 1651 1158 Buhse.
1699 1116 1815 1159 Aufz.

138 1180 225 1210 non
296 1204 304 1212 .

194 1237 294 1276 Hab.
321 1237 361 1275 in
395 1228 534 1276 Persia
566 1237 653 1275 bor.
680 1234 828 1289 (Pallas
863 1236 902 1274 in
935 1235 1046 1274 herb.
1067 1237 1164 1276 Brit.
1191 1238 1275 1277 Mus
1295 1237 1304 1277 l
1322 1234 1363 1294 )‚
1391 1241 1430 1278 in
1460 1253 1570 1290 prOV.
1608 1242 1749 1282 Ghilan
1782 1249 1821 1284 et

137 1296 314 1346 Talyseh
340 1295 556 1348 (Buhsel).

195 1381 237 1423 y.
267 1360 487 1405 dissectus.
519 1359 636 1404 Folia
660 1359 832 1404 triseota
859 1360 1088 1417 segmentis
1116 1360 1159 1404 in
1189 1362 1364 1406 lacinias
1395 1362 1580 1409 lineares
1614 1366 1708 1423 plus
1742 1367 1821 1411 mi-

137 1432 269 1521 Xusye
307 1419 490 1478 partitis.
537 1419 590 1482 R.
635 1419 916 1477 lanchinosus
964 1419 1011 1474 β.
1059 1421 1361 1478 yeraniifolius
1402 1422 1535 1468 Boiss.
1580 1431 1619 1467 et
1664 1425 1817 1470 Buhse.

174 1493 202 1522 u
224 1493 261 1522 z.

196 1549 297 1588 Hab.
323 1549 364 1587 in
388 1549 575 1588 Armenia
598 1560 721 1598 prope
743 1548 1055 1588 Nackitehewan
1081 1547 1225 1601 (Buhse
1243 1549 1251 1588 Ξ
1269 1549 1300 1601 ).

198 1612 238 1657 ὃ.
276 1610 556 1656 Paloestinus.
595 1610 714 1655 Folia
739 1611 953 1669 tripartita
987 1611 1290 1669 partitionibus
1317 1611 1635 1671 divergentibus
1676 1630 1698 1659 e
1733 1616 1822 1660 basi

140 1675 319 1773 cunlpata
344 1671 540 1728 oblongis
564 1669 645 1715 2-3
671 1669 783 1715 fidis.
814 1670 866 1714 R.
898 1670 1162 1715 Palaestinas
1190 1670 1322 1714 Boiss.
1352 1671 1501 1729 Diagn.
1531 1673 1620 1718 Ser.
1650 1675 1684 1729 I,
1714 1675 1822 1729 VIII,

141 1743 183 1787 p.
249 1765 257 1774 .

195 1802 299 1841 Hab.
316 1800 366 1840 ad
391 1813 513 1850 aquas
534 1804 573 1839 et
596 1801 636 1839 in
660 1800 863 1850 paludosis
886 1800 1011 1839 Cariae
1034 1812 1154 1850 supra
1176 1801 1362 1839 Denisleh
1381 1799 1506 1854 (Boiss
1523 1801 1531 1840 i
1549 1806 1561 1851 )
1574 1833 1583 1852 ,
1608 1804 1657 1842 ad
1676 1805 1819 1843 Tassa-

138 1861 243 1899 kend
268 1873 377 1910 prov,
402 1860 617 1909 Karabagh
643 1855 865 1915 (Bnhsel)‚
891 1861 931 1899 in
954 1861 1148 1899 montibus
1166 1860 1321 1899 Kassan
1345 1860 1446 1910 Oglu
1471 1862 1615 1901 Ciliciae
1634 1863 1822 1902 Kurdicae

139 1915 237 1976 (Ky.
255 1932 336 1960 exs.
360 1918 477 1961 1859
501 1926 545 1958 n0
570 1919 642 1969 66,
668 1922 739 1959 sub
764 1919 808 1960 R.
835 1919 1275 1971 Constantinopolitano)
1296 1952 1304 1967 ,
1334 1922 1371 1958 in
1396 1921 1510 1970 Syria
1535 1923 1638 1961 circa
1654 1923 1815 1961 Damas-

141 1992 229 2019 cum
246 1979 366 2031 (Gaill
383 1978 415 2033 !)
442 1985 481 2019 et
504 1981 543 2019 in
568 1980 796 2019 Antilibano
820 1978 920 2030 (ΚΥ.
946 1992 1028 2019 exs.
1056 1977 1192 2030 1855,
1219 1988 1262 2018 ῐιυ
1297 1978 1381 2020 106
1399 1978 1450 2032 l),
1478 1979 1687 2031 Caelesyria
1710 1983 1821 2020 meri—

142 2039 290 2078 dionali
315 2044 353 2079 et
375 2040 586 2078 Palaestina
609 2040 659 2078 ad
682 2041 808 2079 laeum
827 2040 975 2079 Merom
1002 2038 1193 2092 (Boissl).

200 2167 262 2211 R.
304 2166 638 2212 fibrillosus
664 2167 725 2223 (C.
769 2166 902 2210 Koch.
943 2166 1066 2209 Linn.
1109 2165 1218 2220 XIX,
1261 2178 1302 2222 p.
1343 2165 1417 2224 47>
1457 2172 1613 2223 praeter
1649 2165 1825 2222 petiolos

141 2225 283 2282 patule
314 2231 355 2268 et
379 2239 507 2283 parce
532 2225 722 2269 hirsutos
749 2226 949 2283 adpresse
977 2225 1188 2277 sericeus‚
1219 2224 1337 2267 caule
1376 2223 1536 2281 pumilo
1573 2224 1824 2267 nudiusculo

141 2283 393 2340 paucissoro,
412 2283 648 2327 rhizomate
673 2284 791 2328 brevi
818 2290 932 2328 recto
960 2284 1012 2327 ad
1039 2284 1193 2326 collum
1220 2296 1306 2326 non
1333 2282 1507 2337 fibroso,
1535 2282 1646 2325 foliis
1672 2282 1824 2338 petiolo

142 2341 259 2385 brevi
284 2343 367 2385 late
392 2341 610 2398 vaginanti
637 2342 818 2386 suffultis
846 2342 1039 2400 expansis
1056 2341 1217 2384 ambitu
1246 2341 1723 2402 ovato-triangularibus
1749 2339 1824 2382 tri-

141 2399 308 2457 partitis
333 2401 638 2458 partitionibus
664 2401 927 2445 acutiuscule
954 2399 1292 2454 inciso-Iobatis,
1319 2399 1514 2457 carpellis
1539 2398 1821 2456 (junioribus)

142 2459 248 2517 stylo
279 2458 550 2503 circinnatim
577 2473 756 2504 recurvo
772 2458 983 2518 superatis
1009 2466 1071 2509 26.

199 2530 300 2569 Hab.
324 2531 364 2568 in
385 2531 511 2580 pratis
535 2529 695 2581 Olympi
719 2530 882 2581 Bithyni
906 2529 1048 2581 (Aueh.
1073 2541 1154 2567 exs.
1181 2526 1262 2568 50!
1287 2525 1493 2579 Thirket).

200 2597 315 2638 Folia
338 2599 455 2638 diam.
479 2596 577 2639 9-11
609 2600 677 2638 lin.
702 2600 794 2649 lata,
822 2599 955 2639 caules
977 2595 1053 2638 5-4
1076 2597 1285 2645 pollicares
1311 2597 1403 2635 nudi
1426 2596 1487 2634 vel
1513 2594 1607 2633 folio
1627 2594 1821 2643 tripartito

143 2657 207 2696 vel
231 2657 400 2697 indiviso
435 2659 577 2698 lineari
613 2659 744 2698 obsiti.
771 2658 994 2708 Specimina
1013 2656 1172 2707 juniorra
1197 2660 1236 2694 et
1259 2667 1384 2705 pauca
1416 2655 1497 2693 vidi
1536 2653 1651 2703 hujus
1684 2653 1826 2701 plantae

145 2727 230 2765 quae
253 2716 386 2756 forsan
409 2721 560 2757 tantum
584 2717 710 2757 forma
732 2718 865 2767 alpina
890 2716 1148 2767 praecedentis
1178 2719 1238 2754 est
1261 2744 1270 2753 .

202 2818 265 2866 R.
297 2821 603 2867 velutinus
637 2818 872 2880 (Ten.Nap.
904 2820 972 2875 IV,
1000 2834 1041 2877 p.
1067 2816 1171 2873 350,
1200 2817 1284 2860 tab.
1324 2816 1428 2874 147)
1454 2815 1550 2874 pilis
1581 2815 1633 2858 ad
1665 2815 1815 2879 caulen'

147 2884 188 2922 et
217 2880 397 2937 petiolos
428 2880 585 2938 patulis
617 2882 682 2925 vel
712 2879 937 2934 retrorsis,
972 2878 1025 2922 ad
1065 2876 1164 2921 folia
1205 2873 1605 2932 sericeo-adpressis
1642 2873 1819 2923 obsitus,

1537 2954 1557 2988 4
