2021 3235
979 146 1063 190 669

239 234 377 272 Planta
398 245 501 282 saepe
532 232 726 281 bipedalis
757 228 857 272 facie
888 233 1084 274 Stellariae
1117 236 1304 286 holosteoe,
1331 239 1480 276 semina
1513 240 1624 278 lineae
1652 239 1712 293 ‘sb
1749 243 1863 280 diam.

179 294 312 390 laffkr.
346 356 509 402 Geogr.
543 350 654 388 India
677 351 1117 391 boreali-occidentalis,

236 510 292 552 L.
311 506 709 552 stellarioides
735 506 944 562 (Schrenk
970 508 1124 550 Enum.
1155 507 1283 563 Song.
1315 522 1356 564 p.
1389 507 1468 565 93)
1497 509 1659 552 minute
1693 512 1868 565 glandu-

178 565 477 610 loso-velutina
502 564 744 609 dichotome
772 572 811 608 et
828 565 1124 622 irregulariter
1140 566 1588 623 cymoso-paniculata‚
1618 568 1729 612 soliis
1747 570 1871 613 sessi-

177 625 288 668 libus
329 623 576 667 lanceolatis
615 624 675 681 yel
717 624 912 680 oblongis
953 624 1232 677 acuminatis,
1278 624 1493 680 pedicellis
1533 627 1674 684 calyce
1715 629 1870 684 saepius

178 682 446 727 brevioribus
482 681 680 735 cernuis,
722 682 875 739 sepalis
911 682 1357 739 oblongo-linearibus
1393 683 1555 727 obtusis
1591 685 1669 728 sub
1703 687 1868 730 anthesi

177 739 824 800 cylindraceo-conniventibus‚
861 741 1010 798 petalis
1037 741 1170 785 roseis
1195 741 1430 785 linearibus
1456 743 1594 800 calyce
1622 744 1868 800 sublongio-

178 800 297 843 ribus
328 806 394 851 Ε).

235 863 335 900 Hab.
358 862 396 898 in
421 861 558 899 Persia
591 862 675 899 bor.
699 862 738 898 in
775 862 969 900 umbrosis
999 861 1168 900 humidis
1194 863 1241 900 ad
1268 863 1421 901 radices
1445 864 1585 901 montis
1615 864 1758 902 Elbrus
1783 860 1869 919 (Ky

180 934 262 960 exs.
289 919 375 962 165
393 921 440 971 !)‚
467 921 567 959 inter
589 920 759 969 Ispahan
784 924 823 958 et
847 921 1030 959 Teheran
1055 924 1094 959 et
1114 933 1239 970 prope
1263 921 1437 960 Kerman
1462 920 1681 974 (Bungel),
1709 924 1867 972 Affgha-

182 981 247 1019 nia
271 979 458 1030 (Griffl).

241 1040 302 1078 An
322 1044 470 1078 tantum
495 1041 537 1076 ut
559 1039 740 1087 opinatur
765 1039 814 1077 cl.
840 1039 960 1077 Fenzl
992 1039 1163 1078 varietas
1199 1040 1444 1089 stenopetala
1473 1042 1760 1089 praecedentis?
1801 1043 1866 1079 Se-

180 1100 283 1137 mina
317 1110 476 1147 prorsus
510 1098 667 1147 eadem,
702 1098 900 1137 filamenta
934 1099 1037 1136 utin
1078 1100 1126 1137 ea
1165 1099 1330 1137 dilatata
1354 1112 1425 1138 nec
1464 1100 1567 1138 utin
1603 1101 1868 1149 descriptione

180 1158 410 1197 Schrenckii
434 1157 643 1195 filiformia.

237 1215 314 1256 Ar.
347 1216 508 1267 Geogr.
541 1216 747 1265 Songaria.

235 1374 291 1416 L.
310 1376 516 1416 tenera
542 1371 693 1427 (Boiss.
724 1371 871 1428 Diagn.
903 1371 994 1415 Ser.
1025 1371 1079 1425 Il,
1110 1371 1143 1426 l,
1172 1385 1214 1428 p.
1241 1371 1315 1429 84)
1343 1372 1491 1429 glabra
1518 1374 1581 1415 vel
1608 1374 1861 1429 pubescens,

178 1430 433 1484 tenerrima,
461 1430 652 1474 caulibus
680 1431 878 1473 tenuibus
913 1429 1148 1483 intricatiS‚
1184 1430 1293 1473 foliis
1328 1432 1452 1486 longe
1488 1431 1697 1488 petiolatis
1733 1434 1864 1477 ovatis

175 1490 240 1533 vel
267 1489 460 1545 oblongis
487 1488 778 1542 munusculis,
806 1488 983 1532 floribus
1009 1488 1253 1531 axillaribus
1280 1490 1404 1545 longe
1431 1496 1473 1532 et
1491 1490 1673 1533 tenuiter
1701 1493 1863 1547 pedun-

175 1548 339 1600 culatis,
369 1547 521 1604 sepalis
548 1546 792 1590 lanceolatis
818 1546 1090 1590 acutiusculis
1116 1547 1336 1603 puberulis
1363 1547 1441 1590 sub
1459 1548 1624 1591 anthesi
1652 1549 1862 1606 cylindra-

175 1605 617 1659 ceo-conniventibus,
645 1605 794 1663 petalis
818 1605 1053 1649 linearibus
1080 1606 1220 1663 calyce
1247 1606 1375 1663 duplo
1400 1606 1667 1663 longioribus
1698 1614 1764 1659 O.

234 1669 334 1707 Hab.
360 1669 398 1706 in
422 1668 615 1706 montibus
638 1668 858 1717 Affghaniae
881 1680 1006 1718 prope
1031 1667 1203 1706 Puschut
1222 1666 1363 1719 (Grifft
1381 1668 1412 1719 ).

234 1728 372 1767 Facies
395 1727 596 1766 Arenariae
615 1728 882 1778 pubescentis,
906 1727 1002 1766 folia
1022 1725 1105 1769 6-7
1129 1728 1252 1766 lineas
1277 1727 1395 1776 longa
1412 1725 1439 1767 5
1460 1728 1539 1765 lata
1554 1758 1563 1776 ,
1587 1729 1724 1777 petioli
1749 1730 1845 1778 polli

175 1799 287 1826 cares
312 1790 350 1826 et
373 1788 594 1836 longiores,
627 1787 760 1836 petala
782 1784 885 1840 272
915 1787 1040 1825 lineas
1072 1787 1213 1837 longa,
1240 1787 1333 1835 styli
1355 1787 1595 1837 longissimi,
1622 1789 1773 1826 semina.
1806 1789 1860 1826 eis

173 1846 477 1895 praecedentium
499 1846 618 1895 paulo
651 1846 814 1885 minora.

643 1997 824 2046 ΑιειΝΕ
859 1997 1083 2060 (Wahienh.
1119 1999 1241 2062 Lapp.
1281 1999 1400 2059 129).

229 2127 353 2186 Calyx
379 2126 405 2170 5
433 2127 671 2184 (rarissime
698 2141 776 2170 nec
803 2128 847 2170 in
873 2127 1030 2171 nostris
1056 2127 1101 2185 4)
1130 2130 1314 2185 sepalus.
1347 2129 1486 2174 Petala
1514 2130 1541 2174 5
1560 2132 1795 2188 (rarissime
1813 2135 1858 2192 4>

170 2186 336 2243 integra
361 2187 424 2229 vel
451 2192 594 2229 retusa
620 2185 836 2229 interdum
866 2187 998 2229 nulla.
1028 2185 1216 2230 Stamina
1243 2187 1297 2231 10
1330 2190 1393 2231 vel
1419 2191 1622 2246 pauciora
1648 2193 1860 2248 glandulis

171 2244 276 2287 disci
304 2243 581 2301 subperigyni
609 2243 784 2287 inserta.
828 2243 930 2302 Styli
957 2251 1057 2287 tres.
1095 2244 1293 2288 Ovarium
1320 2247 1475 2304 saepius
1502 2249 1855 2294 multiovulatum.

170 2302 347 2360 Capsula
372 2302 571 2346 trivalvis.
613 2301 784 2346 Semina
810 2302 1060 2346 reniformia
1086 2317 1109 2347 a
1136 2304 1265 2347 latere
1292 2305 1619 2363 subcompressa
1645 2322 1730 2351 non
1759 2310 1859 2351 aril-

169 2361 267 2404 lata.
297 2387 358 2409 .—
376 2361 544 2405 ·Herbae
571 2374 725 2404 annuae
753 2374 961 2418 perennes
987 2362 1050 2404 vel
1077 2361 1317 2407 suffrutices
1344 2363 1522 2408 floribus
1549 2366 1704 2423 saepius
1732 2367 1854 2410 albis.

593 2495 841 2554 Specierum
874 2495 1166 2540 Orientalium
1192 2497 1430 2555 dispositio.
1461 2482 1467 2485 ι

287 2626 307 2683 ἓ
338 2625 379 2668 1.
416 2624 849 2671 Rhodalsineae.
867 2652 925 2657 —
951 2626 1177 2670 Perennes.
1211 2627 1368 2684 Sepala
1392 2629 1543 2672 obtusa
1567 2631 1743 2675 obsolete
1758 2646 1855 2675 ner-

491 2697 605 2727 vosa.
651 2684 854 2729 Stamina
892 2685 1096 2728 biseriata
1138 2685 1203 2742 (in
1242 2687 1523 2730 divisionibus
1563 2691 1720 2732 eoeteris
1757 2693 1856 2733 uni-

491 2743 686 2800 seriata).
727 2742 997 2799 Cotyledones
1023 2744 1309 2787 accumbentes
1336 2744 1401 2801 (in
1426 2746 1605 2802 reliquis
1632 2748 1857 2791 divisioni-

493 2800 568 2843 bus
596 2802 913 2858 incumbentes).
944 2827 1001 2832 —
1027 2801 1167 2845 Genus
1196 2802 1453 2846 Rhodalsine
1477 2803 1513 2845 J.
1536 2803 1619 2861 Gay
1645 2806 1752 2848 Ann.
1784 2806 1847 2850 Sc.

493 2857 588 2902 Nat.
618 2858 708 2902 Ser.
740 2859 863 2903 tertia
890 2860 973 2913 10,
1001 2872 1042 2916 p.
1074 2858 1144 2902 25.

227 2934 274 2973 A.
305 2930 575 2985 procumbens.
