2021 3235
980 149 1069 194 122

242 296 302 340 Gr.
333 297 681 353 Aleppicum
709 299 860 353 (Boiss.
893 305 934 341 ct
960 298 1194 354 Hausskn.)
1224 298 1383 350 virens,
1407 297 1575 354 papillis
1593 297 1742 354 crispis
1761 303 1876 354 spar-

185 354 266 397 sim
293 354 497 409 obsitum,
526 356 637 399 soliis
664 356 864 399 omnibus
892 357 1183 413 pinnatisectis
1212 356 1444 412 segmentis
1471 356 1661 412 angustis
1679 355 1875 411 oblongis

186 412 229 454 in
257 413 375 456 lobos
402 413 589 457 minutos
618 422 889 458 mucronatos
916 414 1098 471 partitis,
1129 415 1284 471 sepalis
1302 413 1509 470 elongatis
1538 414 1687 470 amplis
1714 414 1877 470 glaber-

187 471 325 525 rimis,
369 472 519 529 petalis
552 473 719 529 magnis
761 473 997 527 coccineis,
1041 473 1196 529 siliqua
1238 472 1444 530 (juniori)
1485 473 1684 529 adpresse
1712 472 1878 516 hirsuta

198 537 258 578 26.
295 530 362 574 Gl.
394 531 642 586 infractum.
673 532 708 574 J.
740 531 825 588 Gay
856 532 951 573 Mss.

247 600 348 638 Hab.
374 601 411 637 in
437 602 624 639 calcareis
657 601 758 638 inter
789 604 944 648 segetes
968 612 1089 648 prope
1114 599 1267 649 Aleppo
1295 593 1469 653 (Montbl
1501 598 1624 638 Auch.
1658 611 1740 638 exs.
1764 595 1875 639 581!

186 658 265 707 Ky.
291 672 372 697 exs.
395 659 502 699 255!
533 662 604 698 sub
631 660 671 698 G.
694 660 946 706 corniculato,
975 659 1159 697 Hausskn
1183 656 1231 712 l).

247 726 281 763 A
304 727 540 775 praeeedenti
563 727 822 774 indumento„
848 725 1000 764 laciniis
1036 725 1292 774 tenuioribus,
1316 725 1513 763 alabastro
1541 724 1622 762 fere
1658 725 1880 773 bipollicari

189 785 350 835 glabro,
377 787 507 824 colore
540 786 677 823 florum
704 785 940 835 distinctum,
965 785 1114 833 siliquae
1138 788 1180 822 ut
1205 785 1242 822 in
1267 784 1448 822 affinibus
1473 784 1666 822 interdum
1691 783 1881 822 refractae.

264 934 324 978 Gr.
358 934 692 988 calycinum
727 932 877 987 (Boiss.
920 931 1027 973 Ann.
1061 931 1125 974 Sc.
1160 931 1252 974 Nat.
1290 929 1421 984 1841,
1451 945 1493 988 p.
1524 928 1627 986 375)
1653 930 1749 987 pilis
1777 931 1881 974 arti-

192 992 341 1035 culatis
375 991 533 1049 sparsis
560 991 763 1041 obsitum,
793 990 903 1033 soliis
931 989 1187 1033 radicalibus
1215 989 1258 1031 in
1285 988 1461 1032 lacinias
1480 989 1684 1045 oblongas
1700 1003 1826 1046 parce
1845 996 1885 1032 et

192 1050 453 1093 acutiuscule
497 1050 690 1093 dentatas
745 1048 1103 1105 pinnatipartitis,
1157 1047 1453 1104 superioribus
1508 1047 1882 1104 amplexicaulihus

192 1108 324 1151 ovatis
352 1109 486 1151 aculis
513 1108 676 1150 minute
718 1107 901 1150 dentatis
928 1108 992 1149 vel
1020 1106 1304 1162 subintegris,
1333 1105 1487 1163 sepalis
1520 1105 1687 1163 papillis
1721 1106 1881 1149 conicis

193 1167 358 1219 obsitis,
389 1167 538 1222 petalis
565 1166 699 1219 ssavis,
731 1166 886 1222 siliqua
914 1165 1122 1222 (juniore)
1150 1164 1241 1208 basi
1269 1165 1417 1221 glabra
1433 1164 1597 1222 apicem
1616 1178 1764 1207 versus
1783 1164 1884 1208 setis

194 1225 410 1282 papillosis
438 1225 621 1268 dilatatis
648 1224 806 1282 sparsis
833 1224 971 1267 obsita
1007 1232 1067 1274 26.

253 1297 358 1335 Hab.
387 1298 486 1334 inter
509 1301 664 1346 segetes
699 1297 843 1334 Persiae
873 1296 1078 1345 australis,
1104 1297 1153 1334 ad
1185 1294 1354 1344 Ispahan
1388 1292 1532 1349 (Auch.
1561 1306 1643 1334 exs.
1674 1292 1793 1334 4042
1816 1291 1883 1349 ΑΞ)

195 1356 244 1393 ad
271 1355 429 1394 Schiraz
456 1352 551 1409 (Ky.
576 1368 657 1394 exs,
681 1348 831 1409 562!).

253 1425 368 1463 Folia
393 1438 543 1473 magna,
571 1426 685 1474 calyx
710 1438 755 1463 eo
781 1426 822 1464 G.
839 1426 934 1463 lutei
957 1425 1082 1474 major
1105 1428 1142 1462 et
1167 1424 1290 1473 magis
1313 1423 1567 1470 acuminatus,
1589 1423 1722 1472 petala
1753 1423 1809 1461 eis
1839 1420 1886 1463 G.

195 1484 291 1523 lutei
314 1485 393 1523 fere
419 1485 570 1534 majora
582 1497 594 1532 ;
623 1486 724 1523 inter
739 1485 875 1523 affines
900 1484 1004 1523 foliis
1026 1483 1220 1533 supremis
1237 1482 1415 1521 indivisis
1439 1482 1628 1521 notabile.

732 1631 755 1653 ÷÷
786 1631 808 1652 ÷÷
842 1630 1029 1669 Ovarium
1050 1629 1347 1668 tuberculatum.

257 1753 316 1797 G.
360 1753 590 1797 luteum
618 1753 767 1810 (Scop.
798 1752 922 1795 Carn.
954 1752 987 1801 Ι,
1016 1766 1058 1808 p.
1096 1749 1205 1807 369)
1249 1750 1447 1807 glaucum
1476 1750 1569 1806 plus
1596 1748 1788 1791 minusve
1817 1762 1889 1804 pa-

198 1811 626 1868 pilloso-vclutinum,
657 1812 767 1854 foliis
795 1810 1053 1854 radicalibus
1076 1809 1120 1851 in
1147 1808 1323 1851 lacinias
1351 1808 1701 1863 ovato-oblongas
1728 1807 1890 1850 lobatas

197 1870 260 1912 vel
288 1869 427 1912 rarius
454 1870 630 1926 partitas
657 1867 1168 1927 pinnatipartito-lyratis,
1199 1867 1496 1924 superioribus
1523 1881 1544 1909 e
1572 1866 1663 1909 basi
1690 1866 1771 1908 late
1799 1879 1890 1907 cor-

198 1928 616 1985 dato-amplexicauli
645 1928 778 1972 ovatis
820 1926 1195 1978 sinuato-lobatis,
1225 1926 1380 1982 sepalis
1407 1926 1501 1982 plus
1529 1925 1721 1968 minusve
1754 1923 1890 1981 papil-

198 1986 459 2039 lose-hirtis,
489 1988 638 2043 petalis
681 1987 825 2039 ssavis,
866 1986 1019 2043 siliqua
1055 1984 1302 2040 longissima
1340 1998 1526 2041 superne
1567 1984 1633 2025 vix
1675 1985 1892 2025 attenuata

200 2045 436 2088 ium-renus
464 2045 570 2088 albis
611 2047 784 2099 scabra,
823 2044 1033 2101 stigmatis
1074 2043 1183 2086 lobis
1219 2043 1407 2095 obtusis,
1447 2042 1609 2085 semine
1647 2040 1892 2084 reniformi-

203 2111 324 2146 ovalo
352 2105 422 2159 Θ.
458 2104 588 2146 llclil).
622 2105 649 2146 f.
681 2103 811 2147 4468.
847 2103 1149 2146 Chelidonium
1175 2102 1396 2158 qlaucimn
1424 2101 1468 2143 L.
1500 2100 1570 2158 Sp.
1604 2099 1702 2142 7024.

264 2174 365 2212 Hah.
392 2175 429 2211 in
454 2176 629 2212 arenosis
655 2176 857 2214 maritimis
889 2174 1048 2212 Graeeiae
1073 2170 1276 2227 (Heldrl),
1303 2172 1543 2211 Macedoniae
1577 2167 1738 2225 (Friv.),
1765 2170 1893 2208 Rhodi

208 2229 352 2286 (Auch.
394 2245 475 2271 exs.
513 2226 666 2288 5841),
694 2234 818 2273 Cretae
849 2228 1021 2288 (siem),
1046 2233 1168 2282 Syriae
1203 2234 1252 2270 ad
1275 2232 1459 2270 Sidonem
1485 2227 1673 2285 (Gailu),
1700 2230 1893 2268 Anatoliae

206 2293 256 2329 ad
283 2292 475 2331 Euxinum
504 2290 564 2346 (O.
590 2291 754 2348 Koch),
779 2294 934 2333 Tauriae
962 2290 1131 2347 (Stev.).
1156 2292 1320 2330 F1.aest.

266 2361 325 2397 Ad
351 2361 451 2399 hanc
482 2363 653 2410 speciem
679 2374 832 2412 quoque
857 2365 1036 2410 spectant
1065 2359 1110 2400 G.
1146 2361 1295 2409 salvum
1321 2358 1458 2397 Smith.
1484 2358 1601 2396 Exot.
1635 2359 1722 2396 Bot.
1748 2369 1773 2405 p
1826 2356 1897 2407 11,

207 2421 286 2458 tab.
329 2419 552 2469 7,varietas
585 2423 725 2470 petalis
752 2419 1162 2460 lateritio-coccineis!
1193 2424 1230 2458 et
1262 2420 1304 2458 G.
1340 2418 1494 2457 tricolor
1526 2417 1648 2456 Godr.
1672 2418 1730 2455 Fl.
1757 2417 1897 2456 Juven.

207 2479 281 2518 Ed.
305 2479 345 2529 2,
371 2493 407 2529 p.
434 2478 505 2527 50,
529 2482 699 2519 varietas
722 2482 861 2530 petalis
884 2481 1257 2518 r.ibro-aurantiaois
1279 2479 1366 2518 basi
1383 2477 1600 2516 maculatis.

267 2545 342 2586 Ar.
369 2547 531 2598 Geogr.
556 2550 697 2588 Insulae
720 2549 997 2598 Canarienses,
1024 2549 1185 2597 Europa
1208 2548 1336 2586 media
1360 2550 1398 2584 et
1422 2545 1617 2583 australis.

267 2691 327 2735 G.
361 2693 742 2748 leiocarpum,
772 2691 1232 2750 papilloso-velutinum
1260 2691 1323 2732 vel
1350 2689 1590 2745 glabramm
1608 2723 1617 2740 ,
1647 2686 1758 2730 foliis
1785 2685 1894 2750 radi·

210 2749 372 2792 calilius
421 2750 461 2792 in
503 2750 678 2794 lacinias
712 2753 917 2807 oblongas
960 2750 1342 2792 sinuato-dentatas
1390 2745 1898 2803 pinnatipai‘iito-lyralis,

211 2808 507 2863 superioribus
549 2823 570 2851 c
606 2810 696 2852 basi
733 2809 1029 2866 amplcxicauli
1071 2808 1203 2851 ovalis
1236 2808 1300 2849 vel
1334 2805 1528 2862 oblongis
1557 2804 1818 2847 acutiuscule
1841 2801 1900 2866 si-

210 2867 541 2919 nuato-loliatis,
571 2868 725 2925 scpalis
766 2882 891 2925 parco
924 2866 1140 2924 papillosis
1166 2866 1228 2908 vcl
1262 2864 1489 2921 glabr-diis,
1519 2862 1668 2920 petalis
1696 2860 1900 2924 lalci'ilioff

211 2924 358 2975 fulvis,
398 2925 542 2967 ovatio
585 2926 702 2982 apice
742 2927 903 2969 minute
945 2923 1413 2975 tuberculato-scabm‚
1452 2922 1608 2979 siliqua
1650 2920 1766 2963 tenui
1808 2920 1899 2962 laevi
