2021 3235
882 149 968 193 105

143 243 244 281 Habw
278 243 316 280 in
353 243 463 291 aquis
495 244 614 282 totius
647 244 804 282 ditionis
835 257 859 282 a
893 243 1049 284 Graecia
1081 247 1130 284 ad
1168 247 1415 286 Palaestinam
1441 250 1478 287 in
1503 251 1590 289 lacu
1615 252 1760 290 Merom

86 295 242 356 (Boiss!
266 300 426 353 Gai112),
450 301 666 341 Caucasum
688 303 816 352 (ΜΒ.).

141 365 216 406 Ar.
251 372 414 418 Geogr.
440 370 613 419 Europa,
639 369 794 408 Sibiria.

566 497 863 545 NELUMBIUM
899 498 1019 560 (loss.
1056 499 1152 548 Gen.
1196 500 1282 563 68),

139 633 258 691 Calyx
284 632 358 677 4-5
384 634 552 690 sepalus
579 633 799 676 deciduus.
832 633 1231 679 Petala‘numerosa
1257 637 1451 681 decidua.
1484 638 1652 683 Semina
1670 642 1761 697 plu-

83 691 292 735 riserialia
323 691 409 734 imo
436 698 530 734 toro
556 691 730 735 inserta.
776 692 913 735 Nuces
949 693 1144 750 plurimae
1178 709 1488 752 monospermae
1517 712 1562 739 ex
1591 699 1758 743 alveolis

80 750 161 793 tori
190 750 302 793 aucti
342 750 534 793 ohconici
576 750 695 807 apice
736 751 918 794 truncati
957 751 1232 800 inordinatim
1273 762 1557 810 assurgentes.
1605 757 1755 801 Herbze

81 808 191 852 foliis
217 808 480 865 floribusque
508 823 557 851 ex
583 812 694 866 aqua
721 809 912 852 exsertis.

137 959 200 1002 N.
230 959 566 1015 speciosum
593 958 755 1015 (Willd.
785 957 854 1015 Sp.
886 958 939 1012 II,
969 973 1008 1015 p.
1032 959 1164 1016 1258)
1194 961 1303 1003 soliis
1330 962 1496 1018 peltatis
1524 963 1647 1017 longe
1684 978 1756 1019 pc-

79 1016 253 1069 tiolalis‚
281 1016 431 1073 petalis
457 1015 610 1069 1⁴·'oseis‚
639 1016 829 1059 antheris
862 1018 972 1060 ultra
999 1018 1159 1061 loculos
1185 1019 1227 1061 in
1256 1020 1527 1076 appendicem
1557 1022 1755 1064 clavatam

79 1074 297 1131 productis
344 1080 403 1122 26.
434 1074 589 1118 Gaertn.
634 1075 719 1118 tab.
764 1074 833 1118 19.
880 1075 951 1132 fig.
988 1075 1028 1118 2.
1070 1076 1123 1119 N.
1166 1076 1392 1134 Caspicum
1434 1078 1589 1122 Eichw.
1635 1079 1752 1136 Casp.

138 1204 237 1242 Hab.
262 1204 301 1241 in
324 1204 461 1241 Persia
483 1201 545 1257 (ex
568 1204 684 1243 Hook
709 1208 748 1243 et
770 1204 846 1244 Th.
869 1205 929 1244 Fl.
953 1202 1073 1259 Ind.)‚
1097 1207 1182 1245 lacu
1209 1206 1390 1245 Aralensi
1417 1208 1467 1246 ad
1498 1209 1637 1246 ostium
1659 1209 1749 1248 fluv,

77 1261 293 1312 Amudarja
314 1263 455 1314 (Karel
469 1264 510 1314 !).

135 1326 214 1367 Ar.
249 1334 409 1379 Geogr.
438 1329 544 1368 Mare
567 1329 749 1378 Caspium
786 1331 835 1368 ad
873 1332 1015 1369 ostium
1053 1332 1216 1381 Wolgae‚
1241 1333 1352 1371 India
1375 1332 1602 1383 Orientalis,
1631 1334 1753 1372 China

79 1391 117 1425 et
138 1388 390 1427 Mandchuria
411 1400 533 1438 usque
550 1390 600 1427 ad
624 1390 823 1439 regionem
849 1390 1116 1430 Amurensem.

159 1569 354 1617 ORDO
388 1572 478 1619 IV.
510 1572 1073 1621 PAPAVERACEAE.
1109 1575 1198 1622 Dc.
1234 1574 1362 1638 Syst.
1398 1574 1464 1630 11,
1499 1592 1542 1636 p.
1578 1572 1666 1619 67.

136 1716 164 1758 F
168 1717 279 1760 lores
305 1719 538 1774 regulares.
569 1717 690 1776 Calyx
713 1718 931 1778 glisepalus
957 1720 1156 1762 caducus.
1189 1719 1329 1761 Petala
1355 1718 1446 1761 4-6.
1469 1718 1654 1761 Stamina
1680 1732 1754 1760 nu-

74 1788 242 1818 merosa
266 1775 405 1818 rarius
431 1775 472 1818 4.
503 1775 701 1820 Ovarium
718 1777 981 1820 uniloculare
998 1777 1201 1834 placentis
1218 1776 1511 1834 parielalibus‚
1530 1777 1592 1819 vel
1609 1776 1752 1832 spurie

76 1832 307 1877 biloculare
347 1834 552 1891 placentis
587 1835 892 1892 dissepimento
933 1836 1081 1893 spurio
1109 1836 1324 1889 connexis,
1359 1837 1421 1878 vel
1448 1835 1753 1880 multiloculare

77 1891 279 1947 placentis
305 1892 639 1949 septiformibus.
670 1893 800 1948 Ovula
825 1908 1055 1937 numerosa
1082 1901 1300 1951 anatropa.
1331 1893 1507 1951 Capsula
1538 1892 1653 1949 poris
1692 1893 1754 1935 vel

75 1950 202 1993 valvis
228 1950 468 1994 dehiscens.
490 1951 672 2010 Embryo
690 1952 742 1995 ad
760 1952 883 1996 basin
899 1953 1131 1996 albuminis
1149 1953 1339 1996 minutus
1372 1958 1429 1999 ᾍ.
1460 1952 1611 1994 Herbae
1630 1965 1754 1994 succo

76 2008 322 2065 frequenter
352 2010 555 2053 colorato.

618 2142 847 2191 PAPAVER
882 2142 942 2205 (L.
972 2142 1068 2191 Gen.
1098 2141 1218 2200 448).

133 2269 252 2328 Calyx
281 2269 357 2314 9223
384 2272 566 2328 sepalus.
599 2272 740 2315 Petala
766 2272 794 2315 4
825 2271 966 2315 rarius
993 2271 1069 2315 5-6
1101 2271 1361 2315 aestivatione
1388 2277 1624 2326 corrugata*
1663 2270 1751 2334 8ςᾶ-

76 2327 190 2371 mina
216 2343 461 2373 numerosa.
492 2329 691 2373 Ovarium
732 2330 929 2387 carpellis
963 2330 1160 2387 pluribus
1187 2329 1378 2373 connatis
1405 2335 1616 2392 constans:
1648 2328 1751 2391 Stig-

75 2393 186 2430 mata
234 2387 341 2431 4-20
383 2386 511 2445 supra
551 2389 715 2432 discum
764 2388 954 2432 ovarium
996 2396 1271 2431 coronantem
1322 2387 1484 2430 sessilia
1526 2386 1747 2428 radlanna.

57 2444 249 2501 .Capsula
289 2453 409 2489 ovata
439 2447 597 2490 clavata
636 2448 700 2490 vel
735 2447 965 2505 cylindrica
1005 2446 1208 2504 placentis
1250 2445 1363 2488 intus
1391 2444 1605 2509 productis
1632 2444 1752 2486 semi-

75 2503 397 2548 multilocularis
422 2505 539 2563 poris
565 2506 784 2549 valvulatis
811 2505 930 2563 apice
957 2505 1196 2548 dehiscens.
1225 2504 1394 2547 Semina
1420 2503 1647 2546 exarillata.

502 2609 748 2686 Specierum
784 2619 1076 2673 Orientalium
1101 2628 1334 2685 dispositio.

723 2739 743 2795 ἓ
775 2738 817 2781 1.
852 2738 1080 2781 Perennia.

364 2846 387 2868 '³⁶
422 2847 554 2886 caulis
580 2849 779 2888 uniflorus.
802 2849 1022 2887 Filamenta
1044 2849 1155 2897 apice
1182 2860 1257 2886 non
1283 2847 1455 2885 dilatata.

53 2956 55 2958 ,
133 2919 178 2959 Ρ.
211 2922 431 2964 nudicaule,
