2021 3235
981 196 1036 238 18

164 284 385 326 manifeste
414 281 682 325 circulariter
699 279 1164 324 cristato-denticulatis
1192 280 1318 322 dente
1353 279 1562 335 marginis
1589 279 1806 323 interioris
1833 295 1856 322 a

162 342 287 385 rostri
316 341 405 384 basi
448 346 612 383 remoto
644 346 710 391 Θ.
744 339 800 381 lc.
840 338 972 380 Rchh.
1010 338 1037 380 f.
1073 337 1204 380 4619.
1236 338 1288 380 A.
1333 339 1519 382 mimam
1558 338 1677 396 -lacq.
1708 340 1849 382 Austr.

162 409 191 443 t.
222 401 322 444 354.
354 401 406 443 A.
437 400 549 456 flava
581 399 674 440 Vill.
705 398 757 440 A.
789 397 949 439 cim'mz
977 396 1134 439 Hoffm.

220 473 320 511 Hab.
347 473 386 509 in
411 472 523 510 cultis
549 470 629 507 fere
655 469 773 507 totius
791 468 966 517 regionis
991 480 1014 504 a
1034 467 1269 505 Macedonia
1293 467 1455 518 (Frivl)
1482 468 1531 505 ad
1557 467 1712 516 Syriam
1731 479 1854 516 prope

159 533 314 580 Aleppo
350 530 495 583 (Kyl),
530 530 705 567 Persiam
742 529 827 566 bor.
859 527 907 564 ad
943 524 1308 577 Teheran(1<y!),
1334 527 1599 565 Belutsehiam
1629 527 1854 577 (Stocksl).

159 592 219 630 Fl.
244 603 349 629 vere.

216 657 262 711 β.
283 667 529 711 ςᾳιιαννοεα.
552 652 674 709 Spicea
697 651 816 694 valde
841 650 1115 694 condensata.
1138 649 1327 706 Carpella
1351 649 1441 692 basi
1470 656 1708 706 tetragona,
1729 652 1855 695 erista

159 728 287 771 supra
314 712 507 755 basilaris
535 717 675 761 acula,
707 711 811 752 (lens
840 708 1046 764 marginis
1074 708 1308 765 superioris
1336 709 1455 751 valde
1475 709 1734 764 prominens
1762 725 1854 753 ros-

157 779 270 873 }1I‘um
304 773 443 873 iffigm
472 784 582 826 szope
610 783 799 825 aequans.
841 768 894 810 A.
929 781 1163 824 squarrosa
1188 766 1297 810 Stev.
1336 767 1379 809 in
1417 766 1522 810 Bull.
1556 768 1687 825 Mosq.
1721 769 1850 814 1848.

214 846 316 939 Hlab.
342 912 427 938 cum
453 902 546 947 typo
570 898 619 935 ad
643 909 755 946 quem
780 896 984 934 manifeste
1012 896 1153 933 transit
1178 896 1215 932 in
1241 895 1392 933 Tauria
1413 893 1520 947 (Stev
1537 897 1544 933 l
1561 895 1588 946 ),
1617 897 1753 934 Persia
1771 898 1853 936 bor.

159 960 299 1013 (Auel).
325 971 408 997 exst.
433 955 574 997 4015!
602 957 755 995 Buhsol
783 950 987 1010 Bungel),
1008 955 1196 993 Armenia
1221 952 1357 1007 (Huetl
1375 954 1404 1005 ),
1432 955 1688 1004 Cappadocia
1711 955 1853 1007 (Ball),

155 1021 305 1058 Pisidia
327 1017 529 1070 (Heldrl),
558 1017 682 1066 Lycia
705 1014 920 1067 (Bourgl),
948 1015 1065 1053 Creta
1087 1015 1245 1060 (Raulin
1261 1016 1268 1051 1
1284 1015 1309 1062 ),
1335 1014 1451 1063 Syria
1473 1016 1560 1063 (ΒΗ
1591 1014 1694 1053 Gaill
1711 1017 1762 1064 l).

215 1087 364 1124 Eadem
398 1086 524 1124 forma
559 1084 701 1123 erescit
737 1085 776 1121 in
808 1083 973 1131 Algeria
998 1082 1102 1121 cirea
1138 1082 1271 1131 Djelfa
1295 1082 1555 1132 (Reboudl)‚
1579 1083 1691 1132 Hisp.
1731 1087 1852 1122 austr.

172 1147 324 1185 ssourff!
363 1175 372 1184 .

156 1145 168 1199 (
214 1174 299 1252 Ari.D
316 1145 477 1262 (geogr.
505 1211 665 1258 Europa
699 1209 828 1248 media
853 1211 891 1247 et
911 1208 1111 1247 australis.
1149 1207 1286 1247 Africa
1307 1209 1394 1247 bor.
1421 1209 1562 1257 Jugum
1595 1209 1853 1249 Himalaioum

154 1275 239 1313 bor.
263 1273 387 1312 occid.

227 1398 289 1440 A.
334 1397 706 1448 microcarpa
739 1400 826 1443 (DC.
865 1391 973 1449 Syst.
1012 1391 1043 1434 I.
1075 1405 1116 1448 p.
1148 1389 1256 1447 223)
1285 1390 1390 1434 ssore
1433 1391 1663 1445 mediocri,
1711 1392 1852 1449 calyce

155 1456 321 1512 glabro,
352 1453 499 1511 petalis
526 1452 662 1509 planis
691 1450 902 1507 elliptiois‚
933 1450 1048 1508 spica
1075 1451 1205 1493 densa
1234 1449 1434 1505 oblonga,
1455 1450 1651 1507 carpellis
1675 1450 1851 1493 minutis

156 1510 621 1558 relioulalo-foveolalis
639 1509 833 1565 oblongis
862 1510 904 1552 in
932 1517 1119 1552 rostrum
1138 1508 1454 1564 longiusculum
1483 1510 1717 1552 ascendens
1745 1515 1850 1552 atte-

154 1573 294 1616 nuatis
336 1573 462 1615 dente
491 1568 697 1625 marginis
725 1568 942 1612 interioris
975 1568 1065 1611 basi
1094 1567 1220 1611 rostri
1258 1567 1460 1623 contiguo
1502 1568 1656 1611 obtuso
1692 1574 1758 1620 O.
1796 1568 1848 1611 A.

159 1632 418 1689 Cupaniana
444 1630 566 1673 Guss.
599 1628 698 1685 Syn.
733 1627 784 1669 ll.
817 1642 857 1685 p.
895 1626 966 1670 36.

229 1704 330 1741 Hah.
356 1704 395 1740 in
419 1702 533 1740 cultis
558 1700 676 1738 totius
706 1697 868 1737 Graeoiae
892 1697 1032 1748 (Orph.
1058 1697 1116 1735 Fl.
1145 1708 1226 1735 exs.
1252 1694 1363 1735 4461
1397 1696 1542 1734 Heldr!
1575 1700 1613 1734 et
1640 1697 1739 1748 alii),
1769 1697 1848 1735 Ma-

157 1763 328 1802 cedoniae
370 1759 549 1813 (Fi-ivl),
575 1759 681 1796 Asiae
704 1758 865 1797 minoris
899 1759 938 1795 in
971 1757 1087 1795 Caria
1121 1755 1349 1807 (Pinardl),
1380 1755 1529 1794 Ciliciae
1561 1759 1599 1794 et
1625 1756 1744 1805 Cypri
1768 1756 1850 1807 (Ky

157 1835 238 1861 exs,
263 1820 323 1862 90
346 1823 416 1860 sub
442 1820 489 1858 A.
528 1819 756 1867 ιεείίυαίἱΙ),
783 1816 908 1867 Syriae
941 1817 990 1854 ad
1020 1816 1175 1865 Aleppo
1202 1815 1319 1866 (Ky!
1347 1815 1575 1867 Haussk!)‚
1614 1816 1782 1866 AEgypti
1800 1817 1850 1855 ad

154 1882 434 1921 Alexandriam
461 1878 675 1931 (Samarl),
701 1878 845 1915 Persiae
863 1878 949 1915 bor.
970 1880 1007 1914 et
1024 1877 1209 1914 australis
1236 1875 1287 1913 ad
1311 1875 1472 1914 Schiraz
1498 1874 1724 1927 (Ky!).F1.
1744 1888 1849 1914 vere.

214 1942 397 1991 Carpella
420 1942 477 1979 eis
501 1938 545 1977 A.
573 1938 755 1978 aestivalis
774 1938 935 1975 minora.
960 1936 1100 1974 Petala
1123 1936 1285 1974 miniata
1310 1936 1372 1973 vel
1398 1935 1541 1984 saepius
1560 1936 1673 1974 flava.

212 2008 257 2062 β.
304 2005 575 2049 intermedia.
618 2002 740 2060 Spica
782 2001 1042 2045 condensata
1079 2005 1120 2042 et
1155 2013 1409 2056 squarrosa,
1438 2000 1623 2056 carpella
1659 1999 1850 2043 medium

153 2079 301 2109 versus
328 2065 455 2107 erista
483 2062 681 2106 circulari
710 2062 880 2104 dentata
909 2059 1045 2115 magis
1064 2058 1240 2101 obovata
1268 2059 1491 2101 instructa.
1521 2058 1574 2100 A.
1596 2060 1850 2103 ‘intermedia

154 2124 311 2168 Wehh.
342 2124 461 2180 Phyt.
493 2122 593 2165 Can.
624 2135 664 2177 p.
698 2120 769 2162 1⁹2.

213 2197 314 2234 Hab.
338 2195 375 2232 in
397 2194 501 2231 arvis
527 2192 651 2230 Cretae
678 2202 800 2240 prope
827 2190 984 2226 Malaxa
1006 2188 1227 2240 (Raulinl).

215 2264 356 2301 Differt
377 2275 401 2299 a
425 2264 520 2309 typo
546 2260 683 2298 eodem
700 2259 814 2297 modo
843 2268 919 2307 quo
938 2269 1024 2297 var.
1053 2267 1262 2307 squam-osa
1277 2257 1325 2295 ab
1349 2254 1395 2293 A.
1414 2255 1590 2295 aestivali.
1611 2257 1704 2296 Haec
1728 2256 1853 2295 forma

156 2325 194 2361 in
218 2323 414 2371 CanarHs,
439 2320 653 2368 Hispania,
688 2318 854 2368 Algeria
880 2327 1035 2366 quoque
1061 2317 1244 2355 occurrit.

213 2390 290 2429 Ar.
311 2389 475 2439 Geogr.
509 2389 587 2425 Ins.
614 2386 888 2425 Canarienses.
915 2384 1119 2433 Hispania.
1145 2384 1273 2422 Italia.
1300 2382 1436 2422 Africa
1459 2384 1646 2422 borealis.

228 2504 290 2547 A.
326 2501 571 2545 dentata
603 2496 706 2553 (Del.
754 2495 814 2537 Fl.
852 2494 924 2550 Eg.
966 2494 1050 2536 tab.
1083 2494 1132 2548 V,
1168 2495 1240 2550 lig.
1281 2494 1352 2549 Ι),
1381 2494 1543 2551 pumila
1587 2510 1610 2538 a
1650 2494 1741 2538 basi
1783 2509 1852 2538 ra-

157 2576 297 2615 mosa,
328 2560 431 2603 ssore
466 2555 696 2609 mediocri,
736 2554 878 2610 calyce
911 2553 1084 2609 glabro,
1114 2553 1263 2610 petalis
1296 2553 1488 2596 obovatis
1524 2553 1709 2610 glabris,
1739 2554 1853 2611 spica

158 2622 378 2676 compacta
411 2618 606 2672 elongata
643 2612 898 2671 cylindrioa‚
928 2611 1123 2668 carpellis
1160 2611 1336 2654 minutis
1370 2612 1581 2668 profunde
1623 2610 1852 2655 sov'eolato-

157 2677 370 2735 rugulosis
398 2674 588 2718 medium
620 2686 768 2715 versus
806 2670 933 2713 orista
971 2671 1143 2713 dentata
1171 2669 1367 2713 echinata
1395 2670 1596 2714 circulari
1633 2671 1852 2714 instructis

158 2738 201 2781 in
229 2743 416 2780 rostrum
453 2732 688 2776 ascendens
725 2730 1017 2786 sphaoelatum
1054 2728 1313 2772 abeuntibus
1354 2729 1480 2772 dente
1507 2729 1715 2786 marginis
1742 2729 1852 2773 inte-

159 2796 285 2840 rioris
313 2794 403 2837 basi
430 2791 557 2836 rostri
591 2789 792 2845 contiguo
818 2786 956 2831 valido
988 2793 1054 2839 Θ.

219 2866 321 2903 Hab.
347 2864 385 2901 in
412 2862 526 2901 cultis
560 2863 598 2897 et
621 2859 797 2897 arenosis
821 2857 988 2906 AEgypti
1013 2857 1063 2894 ad
1085 2856 1369 2895 Alexandriam
1405 2857 1585 2908 (Kralik!
1612 2857 1802 2896 Samaritl
1820 2858 1851 2910 ),

161 2928 200 2964 in
224 2923 435 2962 Palaestina
459 2917 506 2958 ad
533 2919 640 2958 Gaza
659 2918 740 2968 (Ky
757 2917 809 2968 l),
835 2916 966 2966 Cypro
991 2915 1072 2966 (Ky
1089 2915 1140 2967 l),
1165 2916 1282 2964 Syria
1306 2917 1344 2953 iu
1368 2917 1523 2955 deserto
1550 2917 1600 2956 ad
1624 2917 1849 2966 Palmyram

163 2984 270 3037 (ΒΗ)
298 2988 336 3021 et
360 2984 398 3020 in
423 2981 528 3028 agris
557 2978 745 3017 calcareis
770 2977 818 3014 ad
843 2976 999 3025 Aleppo
1025 2974 1267 3028 (Hausskl).
1299 2976 1359 3015 Fl.
1384 2987 1488 3014 vere.
