2021 3235
966 219 993 265 8

136 315 306 354 Baibout
332 315 483 367 (Bourg
499 315 537 367 !)
563 318 601 353 et
622 314 724 363 Ispir
747 314 902 365 (Huet!‚
929 314 1073 353 Persia.
1090 315 1128 352 in
1152 316 1283 352 monte
1304 312 1484 351 Ssahend
1509 312 1668 363 (Buhset
1695 314 1767 353 sub
1787 314 1824 352 T.

136 375 394 426 mucronato),
418 387 529 424 prov.
555 373 788 412 Khorassan
808 373 947 424 (Bgel)
968 373 1181 422 Affghania
1204 371 1331 423 (Griff.
1350 384 1435 412 exe.
1458 370 1597 423 1782)

191 435 327 473 Variat
351 439 393 473 ut
419 434 556 472 affines
580 433 794 482 segmentis
819 432 1034 482 majoribus
1053 436 1091 471 et
1115 432 1343 470 minoribus,

191 492 268 533 Ar.
293 492 458 544 Geogr.
484 492 719 542 Germania,
744 492 889 530 Rossia
914 496 1035 531 austr.
1061 491 1221 531 Sibiria.

189 616 244 658 Τ.
276 616 478 659 minus
505 612 567 669 (L.
598 611 668 669 Sp.
707 610 808 668 769)
835 611 1033 668 glabrum
1060 613 1125 655 vel
1157 611 1458 668 glandulosum
1485 611 1596 655 foliis
1622 612 1820 655 ternatim

130 672 434 730 decompositis
461 670 691 728 segmentis
723 670 855 714 ovatis
882 671 947 713 vel
979 671 1074 727 plus
1106 670 1300 714 minusve
1327 670 1721 714 euneato-obovatis
1748 669 1821 713 tri-

130 732 237 775 lobis
263 732 328 775 vel
350 730 522 784 trifidis,
550 729 760 786 paniculae
788 742 983 786 expansae
1008 728 1187 772 floribus
1214 730 1308 786 plus
1335 727 1530 772 minusve
1555 728 1820 783 nutantibus,

129 790 325 847 carpellis
352 789 486 833 ovatis
511 790 576 832 vel
603 787 798 844 oblongis
825 787 1023 843 stigmate
1049 787 1168 831 brevi
1197 801 1219 830 e
1252 786 1343 830 basi
1378 786 1520 830 latiori
1548 786 1723 845 oblique
1750 788 1822 830 ad-

128 852 226 891 nata
253 849 437 904 oblongo
475 855 512 898 26
529 883 537 891 .
574 846 738 904 Speciei
758 846 1052 904 polymorphae
1084 845 1310 890 varietates
1336 844 1571 889 Orientales
1599 851 1824 904 sequentes

128 906 229 950 vidi.

185 995 223 1018 α.
252 979 413 1017 nutans
441 972 606 1030 (Regeh
635 972 716 1016 loe.
748 971 819 1015 cit.
850 985 892 1028 p.
924 970 997 1027 20>
1027 971 1250 1015 Glabrum.
1275 970 1504 1027 Segmenta
1531 984 1644 1028 saepe
1672 970 1823 1015 subtus

122 1031 439 1089 glaucesoentia
465 1037 588 1074 acute
615 1030 770 1074 triloba
794 1031 860 1073 vel
886 1030 1038 1074 ineisa.
1065 1030 1110 1073 T.
1131 1036 1293 1073 nutans
1311 1029 1423 1073 Desf.
1445 1029 1581 1073 Rehb.
1606 1029 1665 1073 Ic.
1687 1028 1819 1073 4630.

183 1103 284 1141 Hab.
311 1103 349 1140 in
382 1101 574 1140 montosis
596 1100 793 1139 umbrosis
820 1100 1017 1138 Armeniae
1042 1100 1092 1138 ad
1125 1100 1294 1138 Baibout
1319 1098 1511 1152 (Bourgl)
1541 1100 1644 1137 inter
1672 1099 1759 1138 Van
1786 1103 1823 1138 et

124 1163 239 1200 Bitlis
265 1160 404 1212 (Barre
424 1161 472 1199 de
500 1160 637 1208 Lancy
661 1159 703 1211 Ξ),
729 1159 881 1197 Amano
911 1159 1036 1208 Syriae
1060 1160 1146 1198 bor.
1169 1157 1303 1211 (Ky!)‚
1337 1159 1475 1197 Persia
1500 1160 1585 1197 bor.
1622 1158 1661 1196 in
1695 1162 1830 1202 monte⁴

125 1222 267 1260 Elburs
294 1220 384 1273 (Ky.
412 1232 495 1258 exs.
523 1218 607 1260 281
637 1217 731 1271 (sub
758 1219 796 1258 T.
820 1218 1066 1270 mucronato)
1093 1223 1131 1257 et
1156 1219 1193 1256 in
1216 1231 1327 1267 prov,
1352 1217 1600 1267 Aderbidjan
1628 1216 1774 1271 (Szowl
1795 1218 1823 1270 ).

183 1297 229 1351 β.
259 1294 614 1360 mioroplzyllzcm.
646 1292 877 1349 Glabrum,
905 1299 1128 1351 segmenta
1154 1306 1284 1350 parva
1320 1306 1371 1335 ea
1407 1292 1455 1335 T.
1493 1292 1637 1349 soetidz'
1672 1304 1825 1348 parum

127 1360 390 1412 superantla.

185 1425 286 1463 Hab.
313 1425 350 1461 in
375 1423 499 1461 vineis
525 1426 563 1461 et
586 1422 636 1460 ad
659 1423 741 1461 vias
766 1426 972 1461 montanas
996 1422 1258 1471 Cappadociae
1281 1422 1330 1460 ad
1354 1422 1467 1461 basin
1485 1421 1628 1459 montis
1652 1420 1824 1469 Alidagh

126 1485 230 1533 (Bal.
259 1496 341 1522 exs.
366 1484 437 1521 sub
464 1483 500 1521 T.
527 1481 731 1534 Sibirieo).

186 1551 320 1589 Simile
349 1551 386 1589 T.
413 1551 569 1589 odorato
593 1549 711 1589 Gren.
738 1553 777 1588 et
802 1549 840 1588 T.
874 1549 1037 1600 alpestri
1065 1547 1192 1587 Gand.
1223 1548 1261 1587 T.
1296 1548 1439 1587 minori
1463 1559 1617 1597 quoque
1643 1548 1824 1585 adnume-

128 1611 277 1649 randis.

185 1696 226 1737 y.
259 1673 551 1732 Olympicum.
581 1673 809 1730 Segmenta
836 1674 1072 1732 majuscula
1090 1672 1273 1728 rigidula
1290 1670 1484 1715 coriaoea
1508 1671 1659 1715 obtuse
1683 1670 1825 1714 lobata

129 1740 170 1777 et
196 1740 450 1777 mucronata
475 1733 624 1776 subtus
651 1733 902 1789 glandulosa
929 1738 969 1776 et
1001 1731 1196 1775 elevatim
1223 1744 1419 1774 nervosa.

186 1805 289 1843 Hab.
317 1805 355 1841 in
380 1804 541 1853 regione
566 1804 700 1852 alpina
724 1806 763 1841 et
787 1804 973 1841 montana
1001 1801 1159 1851 Olympi
1188 1801 1374 1839 Thessali
1401 1799 1604 1854 (Heldrl),
1641 1800 1825 1838 Parnassi

129 1864 294 1914 (Heldrl
322 1863 493 1915 Orphl),
520 1863 663 1902 montis
695 1862 822 1901 Athos
852 1860 1023 1915 (Or—0111)
1061 1861 1228 1900 Caucasi
1260 1859 1398 1909 (G.-A.
1430 1861 1479 1899 M.
1511 1861 1583 1899 sub
1623 1860 1662 1899 T.
1685 1860 1820 1910 pubes-

130 1922 269 1974 cente).

188 1991 410 2040 Analogum
434 1990 571 2029 formis
595 1990 839 2040 glandulosis
864 1989 1035 2038 Europae
1057 1987 1240 2027 australis
1266 1987 1335 2026 sed
1360 1987 1471 2026 nervi
1494 1987 1562 2026 fol.
1589 1987 1714 2037 magis
1736 2000 1826 2037 pro-

130 2052 334 2090 minentes.

187 2118 265 2159 Ar.
288 2117 453 2169 Geogr.
478 2118 640 2168 Europa
664 2121 747 2157 tota
772 2121 810 2157 et
834 2117 992 2157 Sibiria.
1028 2116 1163 2155 Africa
1187 2117 1272 2155 bor.
1295 2115 1335 2153 in
1363 2115 1574 2155 montibus.

187 2258 243 2301 T.
272 2256 529 2313 simplex
555 2255 616 2313 (L.
644 2252 776 2299 Mant.
809 2253 881 2312 78)
913 2254 1110 2311 glabrum
1144 2254 1254 2298 foliis
1282 2253 1491 2312 pinnatim
1528 2253 1829 2311 decompositis

132 2315 362 2369 segmentis
387 2329 410 2358 a
436 2314 528 2358 basi
555 2317 735 2358 cuneata
751 2313 947 2370 oblongis
973 2313 1139 2357 trilobis
1165 2313 1274 2357 lobis
1301 2312 1464 2357 obtusis
1491 2313 1553 2356 vel
1577 2311 1734 2367 acutis,
1753 2327 1828 2370 pa-

133 2375 276 2418 nicula
303 2373 571 2432 pyramidata
598 2373 743 2417 stricta
777 2372 960 2430 simplici
987 2374 1051 2416 vel
1083 2387 1211 2430 parce
1239 2375 1434 2426 ramosa,
1464 2371 1660 2429 carpellis
1686 2378 1829 2416 ovato-

132 2433 328 2490 oblongis
355 2433 552 2489 stigmate
579 2432 710 2475 ebasi
737 2432 932 2490 sagittata
959 2432 1196 2475 lanceolato
1232 2439 1269 2481 ‘35
1285 2466 1294 2474 .
1324 2431 1381 2474 Io.
1414 2430 1547 2474 Rohb.
1577 2428 1710 2474 4631.

193 2504 293 2542 Hah.
320 2504 359 2540 in
383 2503 536 2541 frutetis
557 2503 699 2541 montis
719 2503 812 2541 OEta
836 2503 1056 2541 Thessaliae
1084 2500 1227 2556 (Sprun
1244 2502 1294 2553 1),
1328 2503 1469 2541 montis
1490 2501 1712 2541 Kaischaur
1736 2501 1833 2541 Cau·

136 2564 217 2602 easi
243 2560 386 2615 (Hoh)!

193 2629 272 2670 Ar.
300 2629 463 2681 Geogr.
489 2630 650 2680 Europa
673 2630 845 2670 borealis
878 2633 918 2669 et
944 2630 1084 2668 media.
1108 2629 1264 2669 Sibiria.

195 2780 250 2822 T.
278 2779 558 2823 strictum
586 2777 686 2821 Led.
717 2777 779 2820 Fl.
811 2777 933 2821 Ross.
975 2777 1006 2820 1.
1038 2790 1079 2833 p.
1110 2776 1181 2820 10.
1219 2776 1441 2832 glabrum,
1475 2775 1585 2819 foliis
1622 2774 1830 2832 pinnatim

139 2836 442 2894 decompositis
469 2836 702 2892 segmentis
730 2849 752 2879 e
784 2835 877 2879 basi
914 2836 1343 2879 rotundato-cuneata
1378 2834 1512 2878 ovatis
1538 2834 1603 2877 vel
1637 2832 1833 2890 elliptiois

140 2896 279 2939 folior.
311 2895 436 2938 infer.
481 2895 647 2938 obtuse·
669 2894 942 2952 superiorum
978 2901 1100 2937 acute
1127 2893 1299 2946 incisis,
1335 2893 1531 2945 panicula
1564 2892 1833 2958 pyramidata

140 2954 285 2998 stricta
310 2957 503 3008 ramosa,
531 2952 728 3011 carpellis
753 2953 1089 3009 ovato-oblongis
1125 2952 1321 3010 stigmate
1349 2966 1370 2995 e
1397 2951 1488 2995 basi
1516 2954 1712 3009 sagittata
1738 2952 1832 2994 lan-

143 3014 321 3057 ceolam.
352 3039 410 3045 —
436 3012 494 3056 Ie.
525 3013 625 3057 Led.
657 3012 714 3056 Ic.
746 3018 776 3055 t.
808 3010 909 3055 158.
