2021 3235
881 120 966 162 417

171 277 295 321 SUBT.
334 277 384 320 ll.
422 278 737 322 DiprERYGmAE.
759 304 816 308 —
850 276 1040 334 Capsula
1071 292 1364 335 monosperma
1395 280 1675 323 indehiscens.

765 419 1110 469 DlPTERYGlUM

445 492 644 554 (Decaisn.
671 492 769 539 Anu.
803 492 870 539 Sc,
907 493 997 540 Nat.
1027 493 1118 541 Ser.
1149 494 1190 551 2,
1221 494 1285 551 iv,
1322 495 1409 557 67).

146 625 264 682 Calyx
292 624 515 681 4partitus
541 625 649 667 lobis
677 625 847 667 tandem
873 624 1077 668 deciduis.
1110 626 1250 669 Petala
1276 626 1304 668 4
1331 627 1775 683 oblongo-lanceolata

89 683 276 726 breviter
301 683 590 740 unguiculata.
634 683 823 726 Stamina
850 697 919 726 sex
947 684 1142 740 aequalia.
1189 684 1387 728 Ovarium
1422 686 1568 729 sessile
1601 687 1775 743 quadri-

90 742 438 785 alato-cristatum
467 742 542 785 alis
570 742 707 784 antica
736 749 776 784 et
802 741 962 799 postica
989 743 1228 786 minoribus
1256 744 1427 786 tandem
1445 744 1649 798 evanidis,
1679 746 1775 788 uni-

90 800 276 844 loculare
304 800 376 843 la
403 802 618 843 ovulatum
645 801 780 844 ovulis
807 801 972 843 inferne
1000 807 1042 843 et
1067 802 1299 844 lateraliter
1325 802 1475 845 affixis.
1506 803 1683 860 Capsula
1710 804 1776 847 in-

91 859 315 902 dehiscens
343 859 536 902 coriacea
568 873 811 916 compressa
845 860 911 902 ala
946 859 1145 902 circulari
1182 861 1421 916 marginata
1455 865 1635 919 utraque
1672 863 1777 906 facie

92 918 371 961 scrobiculata
411 932 726 974 monosperma.
774 944 831 948 —-
870 917 1080 961 Suffrutex
1128 919 1444 963 ramosissimus
1493 921 1778 977 spartioideus

91 976 201 1019 foliis
230 976 418 1020 minimis
445 976 655 1030 indivisis,
690 976 878 1032 =racemis
915 977 1052 1033 longis
1086 978 1190 1021 laxis
1227 979 1468 1022 bracteatis.
1514 979 1658 1022 Flores
1694 980 1777 1023 albi

92 1035 261 1089 minuti,
291 1036 506 1078 filamenta
532 1035 648 1092 apice
676 1042 908 1088 attenuata,
937 1036 1127 1079 antherae
1145 1037 1356 1093 oblongae,
1380 1051 1526 1080 semen
1545 1039 1778 1082 ascendens

93 1094 336 1147 obovatum,
365 1094 634 1151 cotyledones
661 1094 957 1137 incumbentes
984 1094 1369 1152 lineari-oblongae,
1405 1097 1593 1140 radicula
1628 1098 1777 1141 dorsa-

92 1152 158 1196 lis.
189 1180 246 1183 —
271 1153 411 1196 Genus
438 1153 660 1209 hucusque
690 1152 927 1210 Cruciferz's
954 1154 1282 1197 adnumeratum
1310 1155 1383 1197 sed
1411 1170 1460 1198 ex
1483 1156 1778 1200 observatione

96 1211 220 1254 amic.
243 1212 354 1255 Prof.
378 1226 401 1254 a
418 1211 565 1268 Bunge
582 1212 626 1254 in
644 1211 721 1254 litt.
748 1212 1028 1269 Capparideis
1056 1213 1109 1255 ob
1127 1214 1313 1270 calycem
1332 1214 1422 1256 basi
1440 1216 1779 1272 monosepalum,

93 1270 273 1313 formam
303 1278 343 1314 et
368 1270 659 1314 nervationem
685 1271 940 1327 petalorum,
970 1271 1153 1314 stamina
1179 1272 1376 1330 aequalia,
1405 1274 1605 1317 albumen
1631 1281 1776 1327 tenue,

94 1329 369 1387 embryonem
405 1336 451 1372 ut
481 1328 526 1372 in
562 1328 725 1372 Cleome
761 1329 1186 1374 farinoso-oleaceum
1223 1332 1626 1386 adnumerandum;
1655 1332 1779 1376 indu-

95 1395 286 1431 mentum
312 1391 399 1431 var.
430 1389 460 1443 β
491 1387 676 1432 Cleomes
703 1389 930 1432 nonnullas
958 1389 1104 1433 refert.

152 1541 212 1584 D.
241 1541 519 1597 glaucum
562 1540 774 1597 (Decaisn.
804 1540 885 1583 loc.
916 1540 986 1584 cit.
1027 1541 1113 1584 tab.
1145 1541 1191 1599 3)
1234 1543 1448 1599 glabrum,
1486 1542 1597 1585 foliis
1635 1543 1780 1600 paucis

95 1598 280 1642 breviter
307 1598 515 1656 petiolatis
542 1599 927 1642 ovato-lanceolatis
955 1601 1279 1653 mucronulafis,
1319 1600 1468 1659 petalis
1501 1602 1643 1659 calyce
1678 1601 1779 1645 sub-

94 1656 221 1715 duplo
248 1658 529 1714 longioribus,
558 1658 732 1702 siliculis
760 1657 1053 1712 acutiusculis,
1083 1659 1279 1715 stigmate
1307 1660 1441 1705 sessili
1469 1667 1507 1709 5.
1538 1660 1780 1705 Pterotoma

93 1716 328 1760 Arabicum
354 1716 528 1760 Hochst.
560 1724 600 1760 et
624 1717 683 1761 St.
714 1717 757 1759 in
786 1717 970 1774 Schimp.
1001 1716 1152 1761 Sched.

152 1787 252 1824 Hab.
277 1787 326 1824 ad
351 1787 484 1824 littora
516 1787 624 1824 sinus
654 1787 864 1825 Berenices
901 1787 939 1823 in
969 1787 1147 1836 AEgypto
1181 1788 1374 1837 superiori
1401 1785 1603 1842 (Figat-i),
1628 1790 1666 1827 in
1696 1801 1780 1827 are-

94 1846 201 1884 nosis
225 1858 336 1894 prov.
364 1846 515 1896 Hedjaz
539 1846 696 1885 Arabiae
719 1857 843 1895 prope
881 1846 1038 1895 Djedda
1058 1846 1205 1895 (Bove!
1224 1847 1396 1897 Schimp.
1423 1860 1504 1887 eXS.
1541 1841 1689 1902 851!).
1714 1849 1777 1886 Fi.

97 1908 293 1944 autumno.

151 1965 244 2003 Flos
273 1964 355 2003 fere
379 1963 573 2003 Cramhes.
600 1964 751 2015 Siliqua
773 1963 802 2005 2
825 1965 948 2003 lineas
973 1966 1091 2014 longa
1115 1967 1391 2015 sesquilineam
1421 1967 1513 2006 lata.

150 2021 195 2076 β.
223 2020 437 2063 scabrum.
466 2021 619 2064 Totum
646 2020 725 2064 sub
752 2022 864 2064 lente
890 2021 1099 2077 glandulis
1126 2021 1317 2065 minimis
1343 2022 1576 2080 pustulosis
1603 2021 1777 2066 echina-

94 2086 200 2123 tum.
230 2079 283 2122 D.
304 2079 505 2136 ylabrum
531 2079 726 2123 Decaisn.
758 2079 801 2122 in
828 2080 885 2136 pl.
916 2079 1101 2123 Aucher.

153 2142 253 2180 Hab.
279 2142 319 2179 in
342 2142 480 2180 Persia
501 2143 664 2180 australi
686 2143 750 2180 vel
766 2154 888 2191 regno
915 2142 1090 2182 Mascate
1114 2142 1255 2192 (Auch.
1282 2155 1364 2182 exs.
1389 2136 1579 2197 415ot).

151 2201 336 2239 Fructum
361 2212 438 2240 non
461 2201 555 2251 vidi,
580 2201 651 2240 sed
675 2213 698 2239 a
719 2204 814 2251 typo
838 2213 915 2240 non
940 2202 1123 2250 specifice
1148 2202 1303 2242 differre
1328 2203 1494 2242 videtur.

151 2257 227 2299 Ar.
260 2258 423 2310 Geogr.
456 2260 607 2311 Nubia,
634 2260 746 2299 India
771 2261 1149 2300 bon-occidentalis.

633 2415 708 2459 ΤΒ.
744 2416 796 2459 ΙΙ.
832 2415 1136 2460 CAPPAREAE.
1174 2428 1242 2460 Dc.

152 2537 334 2581 Fructus
360 2550 564 2581 carnosus
590 2537 877 2582 indehiscens.

449 2686 646 2736 οΑυΑΒΑ
681 2688 840 2750 (rarsi.
874 2688 934 2736 ri.
970 2688 1059 2749 AEq.
1094 2687 1214 2736 Arai.
1250 2702 1293 2750 p.
1332 2688 1419 2751 67).

151 2804 273 2863 Calyx
300 2805 453 2863 sepalis
478 2805 507 2848 4
533 2807 853 2864 subaequalibus
878 2806 1087 2860 deciduis,
1115 2807 1283 2850 duobus
1310 2806 1592 2852 exterioribus
1608 2808 1778 2852 valvatis

94 2862 300 2907 interiora
324 2864 582 2921 tegentibus.
627 2865 768 2910 Petala
809 2865 949 2910 rarius
989 2865 1106 2909 nulla
1140 2865 1295 2923 saepius
1329 2864 1357 2907 4
1388 2866 1666 2922 unguiculata
1691 2867 1778 2910 imo

1491 2938 1533 2975 27
