2021 3235
1045 111 1130 156 408

298 291 351 334 C.
380 290 704 345 Hispanica
737 290 800 346 (L.
833 290 902 346 Sp.
934 290 1037 347 937)
1072 292 1213 347 patule
1242 291 1426 348 hispida,
1457 292 1568 336 toliis
1594 293 1755 336 teneris
1781 293 1928 351 lyratis

237 347 468 403 segmentis
494 347 741 391 lateralibus
768 348 842 391 02--4
867 349 1005 405 parvis
1032 349 1164 391 ovatis
1194 349 1404 392 terminali
1432 364 1587 406 magno
1614 351 1928 395 cordato-orbi-

238 408 398 459 culato,
427 406 655 449 filamentis
683 407 839 463 saepius
866 407 1067 461 dentatis,
1096 407 1275 450 articulo
1302 408 1504 452 inferiore
1522 409 1698 453 dimidio
1715 410 1928 465 breviore,

239 465 462 523 superiore
491 465 581 508 laevi
609 465 767 508 mutico
797 468 859 514 O.
898 466 1013 508 Lam.
1045 466 1107 508 Ill.
1140 465 1225 508 tab.
1257 465 1360 510 553.

295 537 398 575 Hab.
428 538 465 573 in
488 538 730 584 rupestribus
751 538 942 575 umbrosis
966 536 1216 585 Oeplialoniae
1238 539 1288 576 ad
1312 539 1514 588 Argostoli
1540 534 1738 591 (Heldrl),
1764 539 1929 579 Graeciae

237 598 288 634 ad
313 597 433 645 Pylos
450 596 653 633 Messeniae
675 595 862 646 (Helm-1),
884 596 1004 645 Cypri
1025 597 1077 634 ad
1103 596 1210 645 Capo
1236 596 1364 636 Greeo
1389 596 1472 648 (Ky
1496 611 1578 637 exs.
1608 597 1754 650 1251),
1782 600 1929 639 Palaes-

235 658 324 696 tinae
347 668 470 705 prope
496 654 697 703 Naplouse
723 661 761 693 et
789 657 827 693 in
860 656 1053 694 montibus
1084 656 1265 695 Ithabure
1297 660 1335 695 et
1373 656 1551 697 carmelo
1584 657 1773 710 (Boissi).

299 739 343 793 β.
374 736 589 780 edentula.
620 736 855 779 Filamenta
883 736 1096 779 edentula.

300 808 401 846 Hab.
429 818 514 845 cum
536 809 646 855 typo.

300 882 376 922 Ar.
409 881 572 933 Geogr.
607 882 797 931 Hispania
821 883 1034 929 maritima,
1062 880 1259 922 Sardinia.

624 1041 775 1085 SEmEs
802 1040 844 1084 C.
876 1066 933 1072 ——
966 1040 1150 1084 Fructus
1183 1047 1549 1086 nucamentacezts.

1021 1182 1163 1231 ZlLLA

603 1277 769 1338 (Forsk.
812 1276 872 1323 Fl.
904 1276 990 1337 AEq.
1027 1275 1130 1339 121,
1164 1276 1272 1325 lcon.
1305 1276 1388 1324 tali.
1428 1275 1481 1324 17
1503 1276 1579 1335 Α).

303 1423 425 1482 Calyx
452 1429 619 1466 erectus
646 1422 836 1479 aequalis.
883 1422 1023 1465 petala
1059 1422 1243 1478 oblonga
1280 1421 1446 1478 integra
1482 1423 1606 1479 longe
1642 1421 1932 1479 unguiculata.

248 1482 436 1526 Stamina
467 1481 603 1524 libera
636 1482 848 1524 edentula.
888 1480 1058 1524 Silicula
1085 1488 1305 1524 crustacea
1334 1481 1441 1524 dura
1468 1481 1784 1538 ovato-globosa
1810 1480 1936 1523 sube-

247 1541 547 1596 roso-fungosa
575 1541 678 1597 stylo
706 1540 902 1583 subulato
921 1540 1029 1582 duro
1047 1546 1244 1592 rostrata,
1276 1547 1436 1596 amera,
1467 1546 1706 1583 transverse
1733 1546 1774 1582 et
1798 1540 1937 1596 paral—

246 1601 324 1643 lelc
352 1599 613 1642 bilocularis.
643 1599 813 1641 Semina
840 1599 883 1641 in
911 1599 1058 1641 loculis
1086 1599 1276 1642 solitaria
1302 1599 1500 1654 pendula.
1531 1598 1806 1657 Cotyledones
1834 1612 1936 1641 con-

247 1658 486 1715 duplicatae.
515 1684 572 1690 —
598 1657 843 1701 Suffi‘utices
881 1657 1065 1701 erinacei
1102 1657 1340 1715 subapbylli
1369 1657 1499 1701 ramis
1526 1657 1768 1701 dichotome
1796 1670 1938 1699 ramo-

248 1717 428 1761 sissimis
458 1716 576 1774 apice
605 1716 961 1774 spinescentibus,
991 1715 1171 1760 floribus
1198 1716 1347 1760 roseis.

306 1872 357 1915 Z.
390 1868 772 1925 myagroides
810 1869 977 1926 (Forsk.
1009 1871 1088 1913 loc.
1122 1869 1214 1926 cit.)
1246 1870 1357 1913 foliis
1385 1869 1663 1913 inferioribus
1690 1869 1773 1913 cito
1802 1869 1935 1912 exsic-

249 1929 353 1973 catis
380 1928 575 1984 oblongis
603 1929 962 1984 repando-Iobatis
995 1928 1037 1971 in
1070 1929 1276 1986 petiolum
1310 1928 1555 1982 attenuatis,
1599 1929 1756 1972 rameis
1790 1927 1939 1986 paucis

248 1987 694 2043 oblongo-linearibus
722 1988 783 2030 vel
811 1987 1046 2031 linearibus
1073 1987 1253 2040 obtusis,
1283 1988 1448 2031 silicult't
1475 1987 1716 2030 laeviuscula
1742 1989 1804 2030 vel
1829 1986 1938 2030 irre-

247 2047 455 2103 gulariter
480 2049 638 2089 costata
666 2052 705 2088 et
733 2046 1014 2090 scrobiculata
1042 2046 1086 2089 in
1113 2048 1267 2104 stylum
1295 2050 1344 2090 ea
1370 2046 1611 2091 breviorem
1644 2048 1862 2090 attenuata
1897 2054 1934 2097 5.

248 2106 416 2149 Eunias
433 2105 606 2161 spinosa
632 2104 677 2147 L.
707 2105 833 2148 Mant.
865 2104 936 2148 96.

310 2177 410 2213 Hab.
428 2175 467 2212 in
486 2176 652 2212 desertis
670 2175 835 2223 AEgypti
852 2179 889 2212 et
907 2175 1064 2214 Arabiae
1081 2178 1226 2224 petreae
1242 2175 1558 2224 frequentissima
1578 2174 1735 2226 (Forsk.
1748 2174 1907 2223 Schimp
1923 2173 1931 2215 !

248 2227 388 2274 Boiss!
415 2231 519 2286 etc.).
545 2233 664 2271 Flore
688 2234 824 2281 Marte,
851 2235 992 2283 Aprili.

307 2318 352 2372 β.
383 2315 663 2370 microcarpa.
695 2315 814 2358 Rami
843 2315 1137 2368 confertiores,
1166 2315 1265 2359 folia
1292 2329 1403 2372 saepe
1430 2315 1581 2367 incisa,
1610 2314 1774 2358 silicula
1797 2315 1939 2358 minor

249 2374 481 2419 lateraliter
507 2372 743 2417 evidentius
776 2373 983 2417 bisulcata
1016 2375 1143 2418 dorso
1180 2375 1274 2432 plus
1307 2374 1448 2417 minus
1475 2374 1696 2416 manifeste
1725 2373 1940 2417 tricostata

250 2441 490 2477 transverse
518 2433 734 2488 rugulosa.
757 2460 814 2464 —
835 2434 884 2475 Z.
915 2434 1180 2490 microcarpa
1206 2433 1365 2476 Visian.
1395 2434 1453 2490 pl.
1485 2432 1576 2489 AEg.
1608 2432 1761 2475 Enum.
1793 2446 1832 2489 p.
1864 2432 1934 2475 24.

249 2492 478 2536 Schweinf.
512 2492 568 2534 Pl.
601 2491 728 2534 Nilot.
758 2506 800 2549 p.
832 2491 903 2545 20,
932 2492 1018 2535 tab.
1050 2491 1091 2534 7.

309 2565 411 2604 Hah.
438 2566 475 2601 in
502 2563 679 2612 AEgypto
706 2565 836 2602 media
860 2569 898 2603 et
921 2565 1093 2602 inferiori
1119 2557 1275 2614 (Auchi
1305 2564 1465 2602 Acerbi!
1490 2564 1604 2602 Boiss
1621 2560 1664 2614 1).

309 2632 473 2669 Videtur
499 2631 633 2668 formis
660 2631 900 2668 intermediis
935 2631 1081 2670 fructus
1108 2632 1157 2669 ad
1181 2634 1318 2679 typum
1342 2631 1523 2669 transire.
1560 2629 1616 2669 Ol.
1654 2630 1939 2668 Schweinfurth

252 2692 289 2728 in
316 2692 426 2729 icone
452 2692 569 2729 citata
601 2690 760 2728 exhibet
782 2690 946 2728 fructum
972 2691 1016 2729 Z.
1040 2691 1281 2740 myayroz'dis
1306 2703 1329 2728 a
1359 2692 1477 2728 dorso
1504 2691 1791 2738 complanatum
1826 2690 1941 2738 quale

253 2751 424 2788 nondum
463 2751 552 2787 vidi.
595 2750 734 2787 Petala
773 2750 810 2787 in
849 2751 1013 2798 utraque
1048 2751 1175 2788 forma
1195 2748 1273 2790 6-7
1303 2751 1427 2787 lineas
1458 2750 1590 2798 longa.
1617 2748 1782 2788 Fructus
1814 2750 1939 2798 pisum

254 2821 413 2858 aequans
439 2810 499 2846 vel
523 2808 660 2859 major.
