2021 3235
1025 110 1109 154 768

211 208 361 266 petalis
386 206 582 263 longiora
609 205 854 258 attenuatis,
884 203 1077 247 antheris
1104 203 1275 247 muticis
1301 209 1341 256 5.
1378 205 1422 247 T.
1453 205 1740 262 anqustisolia
1768 204 1913 248 Karel.

214 268 366 310 Enum.
399 266 598 308 Turcom.
629 278 715 308 non
745 263 898 307 Ledeb.
933 263 1001 319 (ex
1029 262 1214 320 Bunge).

275 339 374 376 Hab.
400 339 439 375 in
462 337 578 374 salsis
601 337 650 374 ad
674 337 776 374 latus
799 335 989 373 orientale
1013 335 1131 372 maris
1154 333 1286 383 Caspii
1313 346 1437 384 prope
1458 334 1574 373 Novo
1597 331 1917 373 Alexandrowsk

217 391 376 449 (Karl),
401 397 450 435 ad
473 397 601 435 lacum
623 396 852 434 Uralensem
878 393 1020 445 (Lehm
1036 391 1082 444 l).

276 465 438 503 Racemi
460 475 565 512 saepe
589 461 673 502 4-5
698 462 908 511 pollicares
932 461 995 498 vix
1030 464 1110 499 tres
1148 461 1271 498 lineas
1296 460 1412 499 diam.
1445 461 1581 499 crassi.
1620 461 1758 499 Petala
1781 460 1924 499 lineam

219 526 351 574 longa.

279 592 351 631 Ar.
371 597 530 642 Geogr.
556 591 761 640 Songaria.
800 610 804 613 ·

278 740 333 783 Τ.
361 736 719 794 Ispahanica
745 733 908 790 (Bunge
936 732 980 775 in
1006 732 1110 790 litt.)
1139 734 1290 789 glauca
1318 733 1491 790 glabra,
1521 733 1634 777 foliis
1662 747 1686 777 a
1712 733 1803 777 basi
1831 748 1926 778 cor-

221 799 319 842 data
345 803 467 840 ovato
484 822 499 828 -
515 793 762 838 lanceolatis
796 792 992 835 subulam
1012 817 1029 823 --
1048 792 1302 835 acuminatis
1319 828 1328 846 ,
1365 792 1549 836 racemis
1576 791 1679 836 laxis
1706 792 1925 847 brevibus,

221 856 408 900 bracteis
434 856 499 898 vix
527 853 734 911 pedicello
760 850 1046 908 longioribus,
1076 851 1226 907 petalis
1234 886 1341 905 ......
1385 851 1493 895 disci
1519 851 1732 908 tetragoni
1760 851 1927 909 angulis

221 916 265 959 in
293 916 509 958 filamenta
536 911 783 964 attenuatis,
811 909 1003 953 antheris
1031 909 1194 953 minute
1221 910 1444 967 apiculatis
1470 915 1510 962 5.

282 986 382 1024 Hab.
407 986 446 1022 in
471 983 609 1022 Persia
634 993 755 1030 orope
773 980 945 1029 Ispahan
974 980 1190 1031 (Bungel).

284 1052 506 1091 Fructifera
529 1053 679 1088 tantum
702 1052 807 1094 nota,
834 1059 857 1084 a
881 1047 1128 1095 praecedente
1152 1047 1319 1085 racemis
1345 1047 1445 1085 laxis
1469 1048 1727 1097 pollicaribus
1754 1047 1816 1085 vel
1840 1049 1927 1087 bre-

225 1113 411 1162 vioribus,
438 1110 609 1150 bracteis
636 1107 891 1156 abbreviatis,
918 1106 1022 1144 foliis
1046 1107 1247 1156 brevibus,
1269 1107 1568 1156 glaucescentia
1590 1108 1789 1146 distincta.

787 1264 806 1321 g
838 1262 879 1307 3.
910 1263 1359 1320 Pachyhotryae.

288 1411 343 1454 T.
375 1411 698 1464 tetraqyna
742 1406 952 1463 (Ehrenb.
987 1405 1108 1448 Linn.
1141 1405 1196 1458 11,
1224 1419 1265 1462 p.
1297 1403 1406 1460 0257>
1447 1404 1721 1460 glaucescens
1764 1402 1929 1459 glabra,

229 1468 338 1513 foliis
367 1483 390 1511 a
416 1466 508 1510 basi
534 1465 676 1508 latiori
703 1465 950 1508 lanceolatis
978 1465 1172 1521 margine
1199 1463 1399 1517 laevibus,
1430 1462 1611 1506 racemis
1637 1461 1933 1519 pedunculatis

228 1528 366 1585 longis
391 1525 654 1577 laxiusculis,
684 1524 868 1567 bracteis
897 1523 1097 1567 scariosis
1124 1525 1230 1566 flore
1257 1521 1546 1574 brevioribus,
1575 1520 1793 1578 pedicellis
1821 1521 1936 1578 caly-

228 1602 297 1631 ces
325 1583 698 1642 subaequantibus,
727 1583 876 1640 petalis
903 1581 1298 1639 obovato-ellipticis
1326 1579 1648 1638 patentissimis,
1677 1578 1932 1623 staminibus

227 1645 335 1690 lobis
363 1643 469 1689 disci
496 1642 685 1695 insertis,
716 1642 833 1700 stylis
859 1642 951 1685 basi
979 1641 1297 1685 cohaerentibus
1319 1639 1571 1698 spathulatis
1588 1638 1768 1683 dimidio
1786 1637 1931 1682 ovario

228 1702 583 1748 subbrevioribus
610 1708 648 1753 5.
687 1701 731 1744 T.
753 1702 910 1745 deserti
936 1700 1069 1744 Boiss.
1091 1700 1240 1757 Diagn.
1261 1699 1350 1743 Ser.
1374 1699 1406 1753 Ι,
1432 1699 1486 1753 Χ,
1515 1712 1555 1756 p.
1578 1697 1648 1742 10.
1687 1697 1731 1740 Τ.
1756 1696 1931 1741 Νοὲαηα

228 1764 361 1808 Boiss.
391 1762 543 1817 Diagn.
573 1760 663 1804 Ser.
697 1760 749 1813 II,
781 1760 834 1814 ΙΙ,
864 1774 904 1817 p.
927 1759 998 1802 56.

287 1835 387 1873 Hab.
414 1834 452 1871 in
477 1831 736 1881 salsuginosis
760 1830 929 1879 AEgypti
953 1830 1068 1868 infer.
1095 1829 1145 1866 ad
1171 1830 1299 1866 lacum
1325 1827 1528 1865 Menzaleh
1551 1825 1780 1876 (Ehrenb.)
1811 1828 1850 1863 et
1879 1825 1930 1864 ad

226 1893 509 1932 Alexandriam
544 1890 701 1941 (Samar
722 1889 779 1940 Ξ),
818 1890 855 1927 in
880 1890 1036 1927 deserto
1074 1887 1513 1938 AEgyptiaco-Arabico
1540 1887 1714 1934 (Husson
1730 1884 1757 1936 l)
1782 1888 1821 1923 et
1843 1885 1928 1923 des-

226 1966 345 1993 censu
363 1952 514 1991 boreali
534 1951 622 2000 jugi
645 1949 722 1988 Tih
747 1949 903 1988 Arabiae
927 1952 1073 1998 petreae
1091 1943 1227 2003 (Boiss
1243 1939 1294 2002 l),
1321 1947 1359 1985 in
1386 1947 1609 1996 Babylonia
1632 1946 1735 1984 inter
1758 1945 1931 1983 Bassora

225 2018 264 2052 et
287 2013 556 2051 Mohammera
575 2010 680 2057 (Noe'
695 2007 733 2061 !).

285 2081 446 2121 Racemi
472 2077 549 2120 54
574 2079 808 2127 pollicares,
833 2077 952 2114 flores
978 2076 1155 2113 nonnulli
1182 2075 1376 2113 interdum
1402 2073 1642 2124 pentameri,
1670 2072 1802 2121 petala
1827 2069 1845 2109 1
1870 2067 1928 2124 ¹s2

224 2143 368 2180 lineam
395 2142 458 2178 vix
486 2141 617 2187 longa,
646 2137 819 2175 antherae
842 2136 994 2174 muticae
1020 2136 1081 2173 vel
1104 2135 1324 2183 apiculatae.

282 2209 327 2262 β.
360 2205 533 2263 Meyeri.
565 2202 684 2246 Folia
713 2201 877 2259 majora
903 2200 994 2243 basi
1023 2199 1298 2254 subcordata,
1328 2198 1487 2242 racemi
1515 2198 1569 2241 ob
1596 2196 1826 2255 pedicellos
1854 2195 1928 2239 ab-

228 2266 441 2309 breviatos
466 2262 706 2313 densiores,
734 2261 918 2303 bracteae
945 2259 1073 2302 ssores
1100 2265 1319 2315 aequantes
1346 2271 1458 2315 saepe
1485 2257 1696 2300 refractae.
1732 2256 1776 2298 T.
1799 2260 1929 2298 tetra-

225 2340 340 2382 qyna
367 2323 524 2368 C.A.M.
557 2322 709 2364 Enum.
743 2319 797 2362 N0
825 2317 953 2361 1460.
985 2344 1042 2348 —
1075 2318 1119 2360 T.
1150 2317 1312 2374 Mcyerz'
1344 2317 1477 2360 Boiss.
1508 2315 1658 2372 Diagn.
1689 2313 1780 2358 Ser.
1812 2313 1847 2367 l,
1873 2313 1926 2366 X,

226 2398 267 2441 p.
288 2384 388 2492 gab.
413 2452 451 2490 in
477 2451 593 2489 salsis
620 2449 740 2498 Cypri
765 2445 843 2501 (Ky
869 2459 950 2484 exs.
977 2443 1148 2496 2451),
1175 2444 1502 2485 Transcaucasiae
1535 2444 1585 2482 ad
1610 2454 1718 2481 mare
1742 2440 1927 2490 Caspium

226 2520 263 2552 et
294 2514 441 2552 ditione
465 2509 643 2559 Talysch
665 2502 844 2557 (ΟΛ-ΜΣ
875 2506 1017 2544 Hohen
1035 2499 1081 2557 l).

286 2581 548 2620 Charaeteres
583 2576 866 2615 differentiales
890 2574 1008 2623 hujus
1045 2577 1084 2611 et
1117 2573 1204 2622 typi
1239 2571 1374 2610 formis
1405 2571 1650 2610 intermediis
1673 2580 1829 2618 semper
1864 2580 1925 2607 ac-

228 2642 353 2691 ceptis
376 2640 619 2678 evanuerunt
632 2647 645 2681 ,⁸
673 2636 767 2674 folia
789 2635 826 2673 in
853 2635 988 2683 planta
1010 2631 1181 2681 Caspica
1203 2631 1379 2679 margine
1401 2632 1555 2680 scabra,
1575 2630 1612 2668 in
1629 2629 1778 2678 Cypria
1800 2628 1926 2666 laevia.

288 2796 343 2838 T.
361 2789 839 2847 brachystachys
866 2786 1028 2843 <Bunge
1057 2786 1136 2828 loc.
1169 2783 1240 2827 cit.
1271 2797 1313 2840 p.
1345 2782 1418 2840 26)
1446 2782 1595 2839 glabra
1623 2780 1785 2834 viridis,
1814 2779 1951 2823 foliis*

229 2849 630 2907 lineari-oblongis,
660 2846 842 2891 racemis
869 2843 1171 2888 subsessilibus
1199 2841 1394 2897 oblongis
1421 2840 1713 2893 densissimis,
1743 2838 1925 2882 bracteis

231 2910 448 2970 pedicellis
475 2908 607 2966 calyci
635 2904 889 2963 aequilongis
916 2904 1045 2960 duplo
1071 2900 1360 2957 longioribus,
1395 2899 1543 2957 petalis
1571 2899 1751 2960 obovato
1768 2923 1787 2929 -
1805 2897 1924 2954 ellip-
