2021 3235
892 128 976 173 619

89 223 197 268 foliis
223 221 371 279 rigidis
398 220 781 265 lineari-subulatis
814 219 1028 264 trinerviis
1055 234 1166 276 saepe
1193 219 1381 271 falcatis,
1417 218 1561 275 calyce
1594 216 1780 259 tenuiter

88 280 332 340 pubescenti
362 279 765 322 reticulato-venoso
784 293 805 322 e
823 278 913 321 basi
931 280 1056 333 longe
1074 281 1288 321 attenuata
1306 274 1779 334 cylindrico-turbinato

87 340 232 384 inflato
259 339 458 382 dentibus
485 337 680 393 oblongis
707 336 1034 388 obtusiusculis‚
1064 337 1222 379 lamina
1251 338 1377 392 parva
1406 335 1501 377 alba
1529 334 1578 375 ad
1610 332 1776 375 tertiam

88 406 250 457 partem
278 397 431 449 bifida,
471 409 640 438 coronae
676 395 839 438 laciniis
868 396 947 438 late
975 394 1105 437 ovatis
1134 395 1282 437 obtuse
1320 392 1570 441 bidentatis‚
1609 392 1775 446 capsula

86 460 203 501 ovata
236 455 504 512 carpophoro
540 454 780 510 aequilonga
815 454 877 496 vel
913 453 1091 496 dimidio
1129 452 1323 495 breviore
1361 460 1422 499 26.
1472 451 1524 492 lc.
1571 450 1774 502 llussvgg.

88 517 198 559 Reis.
230 515 384 557 illustr.
423 513 508 555 tab.
546 513 596 555 ΙΙ.
641 512 826 568 Lychnz‘s
863 511 1099 556 orientalis
1132 510 1403 567 carpsoplegslli
1435 509 1640 551 hortem-50
1678 509 1778 562 solio

87 575 243 618 Tourn.
274 572 427 615 Coroll.
459 585 507 613 ex
535 571 688 614 Poiret.
723 569 968 613 Cresccubatus
1003 570 1367 626 car-isoplzyslloides
1399 567 1539 610 Poiret
1567 567 1709 622 Suppl.
1747 566 1777 616 l,

87 647 126 689 p.
157 631 242 674 416
270 638 310 673 et
335 630 463 672 herb!
493 656 550 659 —
588 629 634 672 S.
662 629 1028 686 caryoplesylloz'des
1055 628 1167 672 Otth.
1199 628 1241 670 in
1270 641 1335 670 Dc<
1371 626 1517 669 Prodr.
1558 626 1589 677 l,
1621 640 1660 681 p.
1693 624 1777 663 :litat

88 691 262 747 (nomen
291 688 509 746 antiquius
538 688 610 731 sed
639 687 959 745 improprium).

141 761 242 799 Hab.
269 760 307 797 in
330 759 490 808 regione
513 758 644 806 alpina
667 757 787 795 Tauri
813 756 962 796 Cilicici
989 755 1086 810 (Kys
1110 757 1181 794 Bal
1198 755 1239 804 1).
1267 756 1325 793 Fl.
1351 759 1433 793 aest.

143 827 283 866 Caules
314 826 405 867 4-6
446 826 654 874 pollicares
690 826 729 863 in
760 826 891 874 planta,
927 827 1031 864 culta
1063 826 1101 862 in
1139 838 1289 874 cymam
1313 823 1393 864 5-7
1420 824 1557 861 floram
1581 822 1774 859 interdum

82 888 282 933 abeuntes,
321 887 491 935 (species
516 885 629 935 hujus
660 885 791 934 gregis
826 885 969 933 saepius
1001 885 1206 923 abortione
1237 885 1423 922 unifloras
1462 894 1549 920 esse
1585 882 1771 919 demons-

85 945 263 997 trantes),
283 947 378 984 rami
403 946 555 984 steriles
580 946 719 983 breves
741 944 981 994 polyphylli,
1015 944 1109 982 folia
1133 945 1336 992 pollicaria
1360 944 1474 981 liueae
1501 938 1586 994 ¹s2-
1602 937 1656 993 ²s3
1683 941 1775 989 lata,

86 1007 198 1055 calyx
225 1004 360 1046 10-14
382 1006 505 1043 lineas
529 1006 681 1053 longus.
705 1003 740 1042 A
763 1004 997 1053 praecedenti
1033 1004 1257 1042 indumento
1282 1015 1360 1041 non
1383 1002 1641 1051 glanduloso,
1667 1000 1771 1038 foliis

84 1067 259 1115 angustis
285 1065 489 1115 50111113ῐί5,
516 1065 651 1113 calyce
676 1064 856 1113 longiori,
886 1063 1129 1112 carpophoro
1155 1064 1272 1112 longo
1297 1063 1492 1101 distincta.

141 1235 191 1280 S.
213 1235 493 1279 subulata
520 1233 673 1289 <Boiss‚
704 1233 851 1288 Diagn.
873 1232 962 1275 Ser.
987 1232 1019 1284 l,
1042 1231 1150 1283 VIII,
1180 1246 1220 1287 p.
1242 1230 1316 1287 33)
1346 1231 1425 1273 sub
1452 1231 1564 1273 lento
1592 1229 1777 1272 breviter

83 1294 603 1350 glanduloso-pubescens,
632 1292 723 1334 basi
741 1291 1042 1334 suffrutesccns
1060 1290 1265 1346 cespitose
1289 1289 1563 1340 multicomis,
1583 1288 1776 1331 caulibus

82 1352 252 1410 pumilis
280 1351 499 1405 unissoris‚
537 1350 646 1393 foliis
685 1349 832 1406 rigidis
859 1349 1024 1406 plicatis
1063 1348 1247 1391 tenuiter
1275 1347 1506 1400 subulatis,
1536 1347 1686 1404 calycis
1717 1353 1776 1388 tc-

82 1411 222 1454 nuiter
247 1409 788 1467 glanduloso-pubescentis
816 1407 1208 1451 reticulato-venosi
1227 1409 1351 1463 longe
1369 1406 1588 1464 cylindrici
1609 1406 1775 1448 instabe

82 1469 283 1513 attenuati
320 1468 518 1511 (lentibus
550 1467 744 1524 oblongis
780 1466 1080 1519 acutiusculis‚
1122 1466 1338 1522 unguibus
1375 1465 1582 1518 exsertis,
1620 1464 1775 1506 1011111111

81 1529 173 1572 alba
201 1531 326 1585 parva
354 1527 607 1580 obcordata,
644 1540 812 1569 coronae
844 1525 1009 1568 laciniis
1046 1525 1240 1580 oblongis
1268 1523 1557 1577 suhdcntatis,
1599 1523 1773 1580 capsula

82 1587 263 1642 oblonga
290 1586 556 1644 carpophoro
585 1584 907 1642 subaequilonga
934 1591 990 1632 26.
1023 1584 1069 1627 S.
1092 1584 1330 1639 nardifolia
1361 1582 1493 1626 Boiss.
1516 1582 1557 1624 in
1588 1582 1698 1624 Iluet,
1718 1582 1771 1638 pt.

83 1660 167 1689 cxs.
200 1646 355 1702 (forma
378 1644 512 1701 magis
541 1644 742 1701 evoluta).

137 1716 238 1754 Hab.
262 1716 298 1753 in
323 1716 483 1764 regione
506 1714 648 1763 alpina,
678 1714 824 1751 Pontus
848 1714 887 1751 in
905 1713 1002 1762 jugo
1029 1713 1249 1761 Paryadres
1275 1709 1477 1766 (Tchihi),
1510 1711 1765 1759 Cappadocia

80 1776 129 1814 ad
151 1775 389 1824 Euphratem
411 1774 556 1822 (Auch.
583 1785 664 1811 cxs.
683 1771 770 1812 455
786 1766 833 1824 l),
859 1772 1043 1810 Armenia
1066 1784 1187 1820 prope
1204 1772 1370 1810 Balbout
1390 1772 1426 1808 in
1445 1772 1592 1808 fissuris
1615 1771 1765 1818 rupium

80 1839 118 1873 et
143 1835 247 1874 circa
268 1831 576 1873 Gumuchkhane
595 1827 738 1886 (Huetl
765 1832 953 1882 Bourgl),
981 1833 1016 1869 in
1040 1832 1207 1870 excelsis
1227 1832 1491 1870 cacuminibus
1513 1830 1651 1868 Libani
1671 1831 1773 1867 inter

83 1895 236 1932 Dimam
261 1897 298 1932 et
320 1893 526 1942 Yamouny
551 1892 613 1944 (Bl
629 1893 670 1943 1).
696 1892 755 1931 Fi.
785 1895 869 1930 aest.

139 1962 256 2001 Facie
281 1965 317 2000 et
343 1961 512 2000 charact.
537 1961 652 1998 valde
676 1960 801 1998 affinis
825 1960 1060 2009 praecedenti
1084 1972 1107 1997 a
1132 1961 1209 2008 qua
1225 1962 1366 2007 praeter
1392 1959 1484 1997 folia
1500 1958 1680 1995 tenuiora
1701 1958 1760 1995 (lif

82 2022 155 2060 fert
177 2023 311 2070 calyce
346 2018 494 2073 (12-15
515 2021 580 2058 lin.
607 2018 767 2069 longo),
795 2024 883 2068 post
909 2018 1086 2057 anthesin
1113 2020 1265 2057 clavato
1290 2018 1360 2056 scd
1386 2018 1556 2067 capsulae
1584 2018 1774 2066 adpresso

82 2093 153 2120 nec
174 2082 368 2120 turbinato
395 2081 510 2118 valde
533 2079 682 2117 inflato.

425 2235 451 2285 †
482 2235 508 2286 †
540 2237 710 2275 Laminae
734 2237 818 2275 basi
845 2237 961 2275 dente
981 2237 1043 2274 vel
1070 2237 1155 2275 sinu
1178 2249 1255 2275 non
1277 2241 1414 2276 auctae.

495 2383 533 2410 a.
567 2372 681 2410 Folia
706 2372 885 2411 subulata
908 2372 1101 2410 interdum
1125 2374 1353 2421 pungentia.

140 2498 190 2543 S.
210 2499 560 2555 qoniocaula
588 2498 739 2554 (Boiss.
770 2498 920 2555 Diagn.
943 2498 1034 2542 Ser.
1055 2500 1087 2552 l,
1119 2500 1150 2550 l,
1173 2514 1210 2556 p.
1233 2499 1305 2555 31)
1336 2499 1421 2542 basi
1451 2500 1771 2548 sull'rutcsrens,

83 2557 274 2599 caulibus
302 2557 453 2599 crectis
486 2557 634 2614 rigidis
667 2557 1013 2615 subsimplicibus
1047 2558 1385 2615 subcompressis
1413 2558 1563 2601 obtuse
1592 2559 1772 2611 biangu—

83 2615 199 2668 latis,
244 2615 353 2658 foliis
390 2615 537 2671 rigidis
574 2623 750 2671 anguste
791 2616 1025 2659 linearibus
1068 2616 1439 2673 subpungentibus
1483 2616 1773 2660 canaliculatis

84 2680 244 2717 remote
271 2673 422 2717 ciliatis
450 2681 650 2717 caeterum
679 2674 838 2730 glabris
863 2675 1106 2732 patentibus
1124 2675 1338 2719 interdum
1357 2675 1565 2729 recurvis,
1594 2674 1772 2717 floribus

83 2731 160 2774 1-2
187 2732 482 2775 terminalibus
506 2733 692 2776 breviter
717 2733 1030 2789 pedunculatis,
1060 2734 1201 2790 calyce.
1222 2735 1473 2789 glanduloso
1491 2735 1618 2789 longe
1646 2733 1774 2790 cylin-

83 2791 201 2834 drico
237 2790 402 2834 inferne
435 2798 650 2835 attenuato
687 2791 885 2834 dentibus
929 2791 1263 2847 triangularibus
1290 2793 1579 2846 acutiusculis‚
1616 2791 1769 2835 lamina

84 2849 179 2892 alba
205 2850 254 2892 ad
282 2850 470 2893 medium
498 2850 539 2892 in
568 2849 744 2893 lacinias
772 2850 1179 2906 obovato-oblongas
1215 2851 1432 2908 bipartita,
1470 2865 1641 2894 coronae
1669 2851 1769 2893 laci-

85 2907 165 2950 niis
191 2908 401 2965 profunde
427 2908 586 2962 bifidis,
617 2909 860 2966 capsula...
899 2913 956 2954 26.
