2021 3235
944 100 1027 144 919

132 194 340 237 cucullata
367 193 485 250 apice
513 192 698 236 breviter
725 193 939 236 rostellata
965 191 1226 234 aestivatione
1245 192 1405 234 Valvata
1424 191 1690 247 marginibus
1709 191 1829 233 indu-

131 251 311 308 plicatis.
356 251 545 294 Stamina
582 250 637 293 15
675 251 855 307 margini
885 250 988 294 disci
1018 250 1177 293 inserta
1204 249 1294 292 basi
1321 249 1450 292 nuda.
1496 249 1694 293 Ovarium
1722 249 1828 293 seri-

131 323 253 352 ceum
296 310 842 367 oblongo-pyramidatum
889 309 1133 352 triloculare
1175 308 1217 351 in
1260 309 1416 365 stylum
1459 308 1631 350 brevem
1671 307 1828 350 sensim

131 375 417 421 attenuatum,
462 368 658 425 stigmata
698 368 780 411 tria
816 375 934 411 ovata
972 376 1084 410 arcte
1122 366 1406 410 conniventia.
1452 366 1581 409 Ovula
1608 366 1651 408 in
1680 366 1829 409 loculis

131 427 320 470 solitaria
332 428 381 470 ad
394 428 573 470 mediam
589 434 751 484 partem
768 426 967 469 funiculis
981 425 1324 483 pendulisaffixa.
1344 425 1485 482 Drupa
1496 425 1830 478 buccata,endo-

130 486 321 542 carpium
351 486 639 543 pyreniforme
668 499 837 529 osseum
867 492 985 528 extus
1012 484 1344 528 scrobiculatum
1373 483 1524 526 abortu
1566 484 1829 526 uniloculare

131 558 480 602 monospermum
526 544 644 602 apice
687 544 728 586 in
771 545 918 587 dentes
959 558 1029 587 s¹x
1071 543 1290 586 subulatos
1335 541 1575 585 alternatim
1605 542 1825 585 breviores

128 602 274 645 fissile.
315 603 466 646 Semen
502 604 734 660 pendulum
762 602 1274 646 ovoideo-acuminatum.
1302 628 1347 631 —
1383 601 1574 643 Frutices
1602 601 1728 651 salsi,
1758 614 1827 643 ra—

128 661 252 703 mulis
280 662 397 718 apice
426 676 536 718 saepe
565 661 767 719 spinosis,
790 661 1039 718 junioribus
1067 660 1305 717 praesertim
1334 660 1480 702 setulis
1514 659 1728 716 adpressis
1756 673 1826 702 ca-

129 721 429 773 nescentibus,
465 720 574 764 foliis
602 720 791 763 carnosis
818 720 993 763 alternis
1021 720 1083 762 vel
1111 719 1392 770 fasciculatis,
1428 718 1593 775 stipulis
1620 718 1829 761 induratis

128 779 189 821 vel
217 779 425 832 deciduis,
454 779 632 822 ssoribus
661 779 913 836 paniculatis
940 779 1003 822 vel
1032 777 1523 836 scorpioideo-cymosis.

185 928 247 970 N.
274 927 603 973 tridentata
630 929 761 986 (Dess.
793 929 875 972 Atl.
907 930 939 981 l,
970 943 1011 986 p.
1043 927 1147 984 372)
1177 927 1377 984 spinosa,
1407 926 1516 969 soliis
1543 925 1734 969 cuneatis
1761 925 1826 967 in-

128 985 256 1040 tegris
282 987 345 1029 vel
373 986 528 1030 retusis
554 987 633 1031 3-5
660 987 1038 1031 crenato-dentatis
1066 987 1333 1030 ramulorum
1360 986 1624 1029 novellorum
1652 985 1826 1027 alternis

127 1044 291 1087 caeteris
322 1045 614 1099 ‘fasciculatis,
659 1046 825 1103 stipulis
854 1046 1207 1103 persistentibus,
1253 1044 1433 1088 floribus
1469 1045 1520 1087 ad
1557 1044 1821 1086 ramulorum

127 1102 291 1159 apicem
318 1105 442 1160 longe
470 1106 728 1161 pedicellatis
765 1105 1006 1149 dichotome
1035 1112 1076 1148 et
1102 1103 1399 1161 irregulariter
1425 1101 1826 1161 corymboso-pani—

128 1161 302 1215 culatis,
339 1163 489 1220 petalis
526 1164 774 1221 hispidulis,
813 1167 971 1222 pyrena
1007 1179 1030 1207 a
1057 1163 1147 1207 basi
1176 1163 1370 1218 trigona,
1408 1162 1597 1205 faciebus
1624 1162 1675 1204 ad
1703 1161 1824 1203 basin

128 1220 300 1264 foveolis
334 1229 369 1264 el
406 1223 601 1279 superius
635 1223 763 1267 sulcis
793 1223 1016 1280 exsculptis
1045 1232 1081 1272 5.
1121 1222 1245 1265 Jaub.
1288 1228 1327 1264 et
1363 1221 1498 1277 Spach
1539 1221 1601 1263 lll.
1632 1220 1702 1263 Or.
1735 1219 1819 1263 tab.

128 1277 229 1323 293.
261 1279 314 1323 Ν.
345 1281 500 1325 sericea
525 1282 562 1324 J.
595 1289 634 1324 el.
661 1282 730 1339 Sp.
761 1283 839 1325 loc.
871 1282 940 1324 cit.
975 1282 1059 1325 tab.
1092 1280 1178 1325 294
1206 1281 1363 1337 (forma
1390 1280 1564 1323 densius
1592 1293 1822 1322 canescens

129 1339 341 1396 corymbis
369 1340 503 1395 magis
532 1341 794 1397 contractis).
836 1341 888 1384 Ν.
920 1341 1211 1397 Seneqalensis
1248 1340 1364 1382 Lam.
1389 1339 1449 1381 Ill.
1483 1339 1565 1381 [ab.
1595 1337 1697 1391 403,
1727 1338 1754 1380 f.
1777 1337 1819 1379 2.

129 1396 354 1454 Peycmum
381 1405 574 1443 retusum
600 1400 749 1444 Forsk.
781 1400 924 1444 Descr.
955 1414 998 1458 p.
1029 1398 1099 1443 66.

187 1470 287 1508 Hab.
313 1470 350 1507 in
373 1470 538 1509 desertis
561 1473 689 1517 salsis,
717 1471 916 1521 AEgyptus
939 1472 1046 1520 (Del.
1070 1471 1199 1509 Auch.
1230 1482 1309 1508 eXS.
1334 1467 1472 1510 2645!
1501 1467 1631 1508 Bove!
1658 1467 1821 1519 Boiss!)‚

128 1528 277 1567 Arabia
300 1534 447 1578 petraea
471 1531 509 1568 in
536 1530 663 1570 Ouadi
688 1531 916 1570 Ghurundel
943 1531 1074 1582 (Boiss
1091 1527 1138 1584 !),
1164 1529 1363 1568 palestina
1388 1530 1437 1568 ad
1469 1530 1595 1568 lacum
1619 1528 1818 1577 Asphalti-

128 1592 205 1626 tem
230 1590 413 1639 (Boissl).
440 1591 498 1629 Fl.
524 1589 759 1640 Mart.-Apr.

181 1657 481 1707 Sarcocarpium
503 1660 710 1708 pulposum
736 1664 884 1697 tantum
910 1659 1035 1698 fructu
1060 1664 1208 1697 maturo
1236 1659 1493 1696 manifestum.

183 1722 256 1763 Ar.
290 1729 451 1775 Geogr.
485 1726 619 1765 Africa
642 1727 813 1765 borealis
840 1727 1014 1775 interior,
1041 1725 1263 1775 Senegalia.

184 1879 247 1922 N.
277 1879 558 1924 Schoberi
586 1880 650 1936 (L.
680 1880 750 1938 Sp.
781 1879 884 1937 638)
914 1880 1177 1937 spinescenS,
1207 1878 1317 1922 foliis
1344 1876 1823 1934 oblongo-spathulatis

126 1937 216 1980 basi
244 1938 470 1981 attenuatis
497 1939 673 1995 integris
700 1939 869 1982 mulicis
895 1939 958 1982 vel
987 1937 1296 1982 mucronulatis
1323 1936 1523 1979 omnibus
1550 1934 1822 1988 fasciculatis‚

127 1996 292 2054 stipulis
319 1997 657 2041 membranaceis
685 1998 892 2051 deciduis,
921 1997 1100 2041 floribus
1128 1995 1429 2040 subsessilibus
1458 1995 1500 2037 in
1519 2008 1663 2052 cymas
1681 1994 1825 2036 dicho-

99 2061 262 2099 ·tomas
290 2056 576 2113 scorpioideas
603 2056 843 2114 dispositis,
889 2057 1034 2113 petalis
1061 2056 1244 2113 glabris,
1282 2057 1443 2113 pyrena
1470 2054 1636 2096 inferne
1665 2053 1823 2095 hemis-

127 2114 314 2170 phaerica
340 2115 470 2158 foveis
497 2115 721 2173 profundis
748 2119 943 2159 excavata
970 2130 993 2158 a
1021 2115 1161 2158 medio
1189 2128 1360 2158 sursum
1395 2113 1562 2168 trigona
1594 2111 1825 2168 longitudi-

128 2173 281 2216 naliter
307 2174 466 2217 sulcata
493 2182 531 2224 5.
562 2173 616 2217 N.
653 2173 835 2218 Olivierz'
859 2174 896 2217 J.
928 2181 969 2218 et
993 2173 1062 2231 Sp.
1096 2174 1157 2216 Ill.
1187 2173 1258 2217 Or.
1289 2173 1374 2216 tab.
1397 2171 1482 2215 295
1511 2171 1609 2227 (nee
1634 2170 1824 2227 descrip-

128 2231 242 2274 tione
270 2246 348 2275 nec
376 2233 496 2276 icone
518 2248 540 2276 a
560 2242 653 2291 typo
682 2240 745 2276 sat
770 2233 1004 2290 distincta).
1037 2232 1089 2276 N.
1125 2231 1279 2288 Caspia
1298 2231 1442 2274 Willd.
1475 2230 1575 2273 Pall.
1608 2229 1667 2271 Fl.
1700 2229 1820 2272 Ross.

128 2290 214 2333 tab.
245 2290 322 2344 50,
352 2292 422 2347 fig.
455 2292 484 2334 B
519 2293 676 2348 (forma
711 2291 821 2336 foliis
853 2292 1137 2349 longioribus,
1157 2291 1337 2334 floribus
1356 2290 1483 2346 paulo
1509 2288 1678 2344 longius
1704 2288 1824 2345 pedi-

130 2349 289 2393 cellatis
315 2350 449 2394 laxius
476 2350 695 2409 cymosis).

190 2422 290 2460 Hab.
313 2422 352 2459 in
377 2423 636 2471 salsuginosis
660 2422 956 2470 Mesopotamiae
977 2421 1027 2458 ad
1054 2419 1219 2469 Bagdad
1239 2419 1362 2467 (Oliv.
1389 2432 1434 2457 ex
1460 2419 1574 2457 Jaub.
1602 2423 1639 2456 et
1664 2418 1822 2467 Spacli)‚

131 2480 279 2519 Tauria
302 2486 339 2519 et
375 2494 484 2530 prov.
529 2482 756 2521 Caucasicis
790 2493 928 2520 versus
966 2493 1072 2518 mare
1110 2480 1294 2529 Caspium
1319 2479 1421 2529 (ΜΒ.
1448 2478 1654 2529 Hoheni),
1683 2479 1827 2516 Persiae

131 2541 215 2579 bor.
242 2552 354 2589 prov.
375 2542 621 2591 Aderbidjan
648 2542 790 2592 (Aucli.
816 2553 900 2579 exs.
936 2538 1116 2590 45:550,
1141 2540 1409 2578 Turkestania
1432 2538 1481 2576 ad
1508 2550 1614 2575 mare
1639 2537 1827 2586 Caspium

133 2599 273 2650 (Karel
292 2596 320 2649 l)
345 2607 383 2639 et
414 2603 562 2640 boreali
586 2602 727 2648 (Lehm
747 2598 787 2653 l),
813 2601 1041 2639 Belutschia
1064 2599 1221 2652 (Stocks
1236 2599 1276 2650 l).
1297 2599 1358 2636 Fl.
1381 2599 1468 2636 Jun.

191 2666 266 2707 Ar.
300 2674 462 2719 Geogr.
494 2670 636 2708 Rossia
673 2670 876 2718 australis,
913 2668 1126 2718 Smgarta,
1167 2668 1310 2708 Sibiria
1343 2672 1380 2704 et
1405 2666 1602 2715 Dahuria,
1630 2666 1830 2715 Mongolia

133 2728 352 2767 cumensis,
