2021 3235
1024 70 1109 113 254

214 162 417 218 pedicello
444 161 584 217 calyce
607 160 781 216 bigibbo
808 160 1008 216 longiori,
1037 159 1185 217 pet‘alis
1211 161 1405 217 oblongis
1433 162 1585 218 pallide
1614 162 1748 205 roseis
1765 197 1775 214 ,
1805 162 1900 204 fila-

216 221 369 264 menlis
396 219 634 262 minoribus
655 219 706 261 ad
734 218 921 261 medium
939 219 1125 262 breviter
1145 219 1343 272 dentalis,
1372 219 1535 263 silicula
1553 220 1737 276 oblonga
1755 220 1903 263 inflata

218 279 345 322 valvis
374 277 555 321 enerviis
593 285 653 327 26.

274 352 374 389 Hab.
401 352 439 388 in
472 350 628 388 saxosis
663 350 869 397 praeruptis
901 347 1017 387 Much
1050 347 1181 386 Mahal
1214 349 1357 387 montis
1382 349 1525 387 Elbrus
1551 349 1696 387 Persiae
1732 350 1904 388 borealis

217 422 340 459 prope
366 410 541 447 Derbent
564 408 648 458 (Ky
672 419 754 445 exs.
785 406 906 458 841).

278 480 416 517 Facies
442 484 479 516 et
515 478 675 515 siliculae
700 476 742 514 A.
769 477 988 526 parvifloroe
1013 476 1082 513 sed
1120 476 1215 514 folia
1239 477 1381 514 latiora
1409 481 1445 514 et
1476 477 1759 515 filamentorum
1782 481 1902 515 struc-

221 543 308 576 tura
332 538 546 576 dissimilis.

300 673 323 695 ÷÷
355 673 378 694 ÷÷
409 672 432 694 ἕ·
466 672 684 710 Filamenta
705 673 833 709 omnia
856 673 978 710 latere
1004 672 1180 709 interiori
1204 684 1340 709 versus
1365 671 1533 710 medium
1558 672 1677 719 gibbo
1702 675 1831 709 aucta.

279 789 340 831 A.
369 785 660 836 edentula,
689 797 935 835 canescens,
965 797 1087 826 secus
1107 797 1246 825 ramos
1266 784 1404 839 patule
1424 783 1537 825 hirta
1552 818 1561 835 ,
1582 783 1692 826 foliis
1710 783 1911 839 oblongo-

225 845 441 888 rbombeis
483 843 684 899 utrinque
727 842 805 884 1³2
832 841 1038 894 dentatis,
1082 841 1287 898 pedicello
1330 843 1469 899 calyce
1510 841 1684 897 bigibbo
1727 841 1909 896 longiori

226 904 442 947 fructifero
485 902 647 953 stricto,
690 900 839 958 petalis
880 900 1075 954 oblongis
1117 899 1239 952 albis,
1283 900 1509 943 filamentis.
1537 900 1736 943 omnibus
1763 914 1911 943 versus

226 964 389 1020 apicem
418 960 662 1013 attenuatis,
691 959 865 1002 siliculae
892 959 1086 1013 oblongae
1115 959 1295 1013 turgidae
1322 959 1449 1001 valvis
1478 959 1662 1002 enerviis
1690 966 1749 1008 26.

287 1036 386 1073 Hab.
421 1035 458 1071 in
483 1033 624 1081 alpinis
649 1032 840 1069 Armeniae
862 1031 1045 1068 Kurdicae
1078 1031 1127 1068 ad
1149 1031 1291 1068 Khana
1317 1031 1456 1069 Putkie
1480 1032 1581 1070 unde
1618 1043 1664 1069 ex
1697 1031 1908 1068 seminibus

227 1108 249 1133 a
281 1097 328 1134 cl.
353 1093 533 1142 Kotschy
553 1092 682 1130 allatis
707 1092 878 1139 plantam
901 1091 937 1127 in
962 1090 1074 1128 Hort.
1100 1090 1291 1138 Valeyres
1317 1091 1431 1129 colui.

288 1163 428 1201 Facies
450 1165 488 1200 et
509 1161 671 1199 siliculae
695 1159 738 1197 A.
763 1159 982 1208 parvislorae
1009 1154 1064 1210 (v,
1104 1158 1174 1207 V.).

791 1320 994 1369 RIGOTIA
1024 1320 1080 1380 (L.
1114 1320 1210 1368 Gen.
1244 1319 1360 1381 810).

291 1468 413 1526 Calyx
450 1468 700 1511 bisaccatus.
743 1467 879 1509 Pelala
913 1467 1187 1522 unguiculala
1220 1467 1449 1510 obcordata
1477 1467 1616 1511 rarius
1653 1467 1917 1523 subintegra.

237 1529 470 1572 Filamenla
488 1526 701 1569 edentula.
733 1525 913 1568 Fructus
941 1525 1098 1568 sessilis
1126 1526 1276 1581 planus
1304 1525 1544 1568 siliculosus
1572 1526 1780 1583 ellipticus
1804 1533 1921 1583 septo

236 1587 414 1631 evanido
433 1583 724 1638 unilocularis,
743 1585 804 1626 vel
819 1583 1047 1640 siliquosus
1063 1583 1236 1627 linearis
1253 1583 1657 1628 bilocularisNalvae
1668 1585 1918 1628 chartaceae.

239 1646 411 1703 Seplum
438 1644 655 1702 hyalinum
682 1642 835 1686 areolis
863 1642 1051 1685 minimis
1079 1642 1330 1686 transversis
1357 1644 1563 1699 angustis.
1586 1643 1744 1699 Stigma
1762 1644 1871 1687 lobis
1898 1643 1924 1686 2

238 1703 555 1762 approximatis.
599 1702 768 1745 Semina
809 1701 1043 1744 uniseriata
1084 1716 1327 1758 compressa
1368 1715 1453 1744 non
1489 1703 1612 1745 alata.
1651 1702 1924 1760 Cotyledones

238 1764 554 1807 accumbentes.
591 1787 647 1792 —
688 1760 840 1803 Herba*
875 1774 1027 1803 annuae
1061 1760 1217 1817 glabra}
1255 1762 1317 1804 vel
1349 1760 1445 1818 pilis
1475 1761 1740 1818 simplicibus
1767 1762 1925 1818 sparsis

242 1823 408 1875 obsitae,
437 1820 615 1864 floribus
634 1820 767 1864 roseis
800 1821 862 1862 vel
894 1819 1108 1873 violaceis,
1137 1820 1352 1876 pedicellis
1386 1819 1613 1863 fructiferis
1645 1821 1849 1864 recurvis.
1870 1848 1925 1851 —

238 1881 380 1924 Genus
410 1879 671 1923 Cardamine
698 1886 740 1922 et
764 1879 967 1921 Lunarioe
991 1878 1133 1921 affine.

240 2025 259 2081 g
291 2024 332 2067 ‘l.
369 2023 784 2068 Siliculosae.—-
808 2021 1208 2122 Silicthlaflliypicq
1231 2022 1278 2063 ob
1303 2027 1469 2078 septum
1498 2022 1668 2065 tandem
1695 2023 1926 2066 evanidam

932 2094 1008 2122 um
1032 2094 1102 2122 ocu
1127 2094 1232 2122 ares.

299 2218 360 2260 R.
388 2215 647 2260 Lunaria
679 2213 743 2270 (L.
773 2213 842 2269 Sp.
874 2213 948 2256 Ed.
982 2213 1020 2266 l,
1049 2226 1090 2268 p.
1121 2211 1205 2255 656
1242 2212 1320 2254 sub
1347 2212 1560 2270 Lunarid)
1594 2227 1720 2270 parce
1748 2215 1924 2270 hirtum,

238 2275 430 2319 caulibus
456 2273 547 2317 basi
573 2271 946 2324 decumbentibus,
975 2271 1083 2313 foliis
1111 2271 1175 2314 bis
1202 2271 1264 2313 vel
1294 2277 1356 2313 ter
1381 2270 1589 2327 pinnatim
1618 2273 1741 2316 sectis
1759 2274 1929 2318 divisio-

238 2334 364 2377 nibus
377 2340 417 2375 et
434 2331 666 2389 segmentis
683 2331 807 2387 longe
825 2330 1082 2388 petiolulatis
1096 2331 1211 2373 hisce
1229 2329 1361 2372 ovans
1375 2330 1542 2379 lobatis,
1554 2331 1702 2387 petalis
1716 2333 1928 2389 profunde

238 2391 496 2444 obeordatis‚
540 2389 720 2433 racemis
762 2389 992 2432 fructiferis
1021 2388 1226 2445 elongatis
1261 2388 1484 2442 secundis,
1515 2388 1690 2433 siliculis
1723 2392 1929 2447 pedicello

238 2450 318 2494 3-4
344 2451 411 2507 plo
441 2449 704 2506 longioribus
741 2449 821 2491 late
858 2447 1263 2504 oblongo-elliplicis
1299 2445 1376 2488 Q-lk
1411 2447 1591 2504 spermis
1628 2448 1740 2491 inter
1765 2450 1930 2494 semina

240 2509 455 2552 interdurn
482 2507 660 2551 sinuatis
688 2507 791 2564 stylo
818 2505 934 2549 brevi
963 2506 1183 2562 apiculatis
1212 2508 1274 2554 Θ.
1312 2505 1364 2549 Β.
1393 2505 1587 2548 Lemana
1613 2506 1685 2549 Dc.
1716 2507 1824 2565 Syst.
1856 2509 1927 2562 11,

240 2582 280 2624 p.
312 2567 411 2610 284.
443 2567 493 2610 R.
515 2566 776 2623 AEyyptiaca
803 2565 847 2607 L.
871 2564 940 2621 Sp.
971 2563 1072 2608 912.
1102 2564 1298 2607 Lunma
1324 2563 1488 2607 Ricotz'a
1513 2563 1669 2607 Gaertn.
1702 2566 1787 2609 tab.
1827 2567 1925 2610 1142.

303 2641 403 2678 Hab.
431 2641 467 2676 in
494 2639 644 2676 saxosis
668 2638 862 2675 umbrosis
887 2637 1102 2674 Palaestinae
1126 2639 1163 2674 et
1187 2635 1310 2683 Syriae
1332 2636 1513 2673 littoralis
1535 2648 1558 2673 a
1584 2640 1714 2674 monte
1750 2637 1930 2677 Carmelo

244 2700 293 2735 ad
319 2699 500 2736 Sidonem
532 2695 704 2747 (habilll
734 2691 866 2734 Boissl
899 2694 1066 2745 Grailll),
1102 2696 1139 2732 in
1165 2695 1266 2732 valle
1290 2694 1452 2732 Jordani
1478 2695 1692 2742 superioris
1728 2697 1778 2734 ad
1801 2698 1928 2736 lacum

244 2758 392 2796 Merom
414 2756 599 2806 (Boissl),
622 2748 726 2794 circa
752 2754 908 2793 Jericho
934 2754 1055 2804 (Mich
1076 2752 1107 2805 !)
1133 2783 1141 2791 .
1170 2754 1227 2792 Fl.
1257 2753 1374 2791 Maio.
