2021 3235
897 128 973 171 461

101 224 137 263 V.
165 223 328 263 Cenisiae
350 223 508 261 dimidio
537 223 728 272 minores,
766 223 946 271 pedicelli
970 235 1092 272 prope
1117 225 1271 272 apicem
1297 224 1325 264 2
1349 228 1558 268 bracteolis
1585 232 1774 272 instructi.

98 284 233 321 Differt
257 283 338 322 aV.
367 282 585 321 Nevadensz·
621 283 773 320 calcare
809 283 915 321 brevi
950 295 1104 331 quoque
1140 285 1328 322 instructa
1363 286 1522 326 floribus
1548 291 1773 341 minoribus,

97 343 241 391 sepalis
267 343 428 392 obtusis,
454 342 596 390 petalis
619 342 847 380 lateralibus
870 342 1173 390 angustioribus.

146 481 207 524 V.
235 482 462 537 poetica
491 479 641 535 (BoisS.
673 487 713 522 et
738 481 892 537 Sprun.
924 480 1071 536 Diagn.
1104 481 1191 524 Ser.
1214 482 1247 534 I,
1276 483 1346 535 Vl,
1376 498 1415 540 p.
1439 484 1513 541 021)
1542 487 1689 542 glabra
1712 494 1772 534 vel

89 539 334 597 parcissime
360 540 570 596 pubcrula
598 538 776 592 minuta,
806 538 914 582 foliis
941 541 1065 595 longe
1092 540 1303 597 petiolalis
1331 540 1619 596 integerrimis
1648 549 1772 591 oblu-

91 598 147 641 sis
174 597 575 651 ovato-orbiculatis,
605 597 768 653 stipulis
786 597 884 640 folio
903 598 1146 651 simillimis,
1176 600 1328 655 sepalis
1356 602 1601 647 lanceolalis
1622 608 1772 657 acutis,

90 656 237 714 petalis
265 656 456 699 caeruleis
483 656 620 713 calyce
647 656 774 712 duplo
802 656 1084 712 longioribus,
1114 658 1275 700 calcare
1304 674 1446 703 crasso
1466 664 1774 718 appendicibus

92 715 268 770 integris
295 715 456 758 obtusis
483 713 634 772 calycis
662 714 871 771 subduplo
900 715 1092 770 longiore
1130 724 1189 765 26.

148 785 246 823 Hab.
272 785 310 822 in
333 786 575 833 rupestribus
602 784 774 832 regionis
797 785 935 833 alpinae
959 785 1141 823 Parnassi
1168 779 1336 836 (Sprunl
1364 784 1545 840 Heldrl).

149 852 289 892 Facies
315 853 582 902 praecedentis,
608 853 724 891 flores
747 853 928 902 minores,
956 853 1051 891 folia
1073 855 1251 893 tenuiora
1267 856 1422 905 longius
1439 859 1629 906 petiolata
1647 865 1685 899 et
1703 863 1777 899 sti-

92 912 191 960 pulae
214 911 318 951 foliis
343 913 498 951 omnino
523 911 757 950 conformes.

148 1052 209 1095 V.
237 1051 517 1107 fragrans
545 1049 677 1107 (Sieb.
708 1049 821 1094 Rcis.
851 1049 971 1093 Creta
1000 1050 1051 1103 II,
1081 1065 1122 1107 p.
1154 1050 1255 1106 320,
1286 1053 1371 1096 lab.
1394 1052 1452 1106 8).
1484 1061 1569 1098 tota
1595 1056 1781 1100 breviter

92 1109 249 1153 hirlula
275 1110 335 1152 vel
362 1109 549 1152 velutina
568 1145 577 1162 ,
606 1108 715 1152 foliis
743 1109 936 1165 oblongis
964 1110 1027 1151 vel
1054 1110 1497 1166 oblongo-linearibus
1524 1114 1686 1159 obtusis
1714 1117 1778 1158 in-

92 1168 239 1224 tegris,
268 1167 432 1224 stipulis
459 1167 735 1210 inferioribus
763 1167 948 1210 breviter
974 1167 1208 1212 linearibus
1235 1171 1400 1214 caeteris
1428 1172 1526 1215 solio
1555 1174 1781 1217 conformi-

92 1226 170 1269 bus
198 1227 269 1270 sed
298 1225 582 1279 brevioribus,
613 1226 765 1283 sepalis
792 1226 1245 1281 oblongo-lanceolalis
1273 1229 1601 1285 obtusiusculis,
1630 1234 1779 1289 petalis

91 1285 214 1328 luteis
241 1285 305 1328 vel
331 1284 483 1342 pallide
510 1284 707 1327 violaceis
734 1286 870 1343 calyce
898 1284 982 1341 ⁹272
1012 1286 1079 1342 plo
1106 1286 1372 1342 longioribus
1391 1325 1400 1342 ,
1434 1290 1597 1333 calcare
1635 1305 1778 1335 crasso

93 1343 244 1388 obtuso
271 1342 576 1401 appendicibus
605 1344 979 1386 truncato-retusis
1007 1345 1161 1402 calycis
1187 1345 1316 1403 duplo
1343 1347 1535 1403 longiore
1573 1357 1609 1398 26
1625 1384 1632 1391 .

148 1414 248 1452 Hab.
273 1414 309 1450 in
335 1413 486 1451 saxosis
514 1413 686 1461 regionis
711 1413 850 1462 alpinae
876 1414 1061 1451 montiam
1084 1414 1445 1467 Sphacioticorum‚
1471 1418 1550 1456 Idae
1575 1422 1613 1457 ct
1630 1419 1777 1458 Lassiti

92 1471 216 1511 Cretae
243 1470 368 1523 (Siebl
395 1466 539 1509 Heldrl
564 1472 661 1511 Raul
683 1470 726 1523 l).

147 1541 285 1579 Affinis
305 1541 538 1589 praecedenti
555 1541 623 1579 sed
639 1541 733 1579 folia
750 1542 988 1591 angustiora,
1009 1542 1163 1590 stipulae
1187 1543 1290 1581 foliis
1316 1545 1510 1596 minores3
1534 1546 1649 1585 flores
1665 1553 1776 1596 parte

90 1600 252 1639 dimidia
276 1600 458 1650 majores.

145 1742 206 1784 V.
235 1739 744 1794 odontocalycina‚
778 1753 957 1783 carnosa
990 1740 1173 1783 breviter
1199 1742 1409 1796 velutina,
1438 1743 1547 1786 soliis
1574 1744 1776 1788 confertis

88 1799 219 1843 ovalis
246 1798 409 1842 obtusis
435 1797 695 1853 complicatis
723 1797 917 1853 integris,
947 1799 1113 1855 stipulis
1142 1799 1240 1843 folio
1259 1800 1501 1856 simillimis,
1532 1802 1679 1859 petalis
1698 1817 1777 1846 cae-

88 1857 219 1900 ruleis
245 1858 383 1915 calyce
411 1855 618 1912 snbti'iplo
646 1855 937 1911 longioribus,
966 1857 1119 1914 sepalis
1147 1859 1388 1903 lanceolalis
1416 1861 1575 1914 aculis,
1614 1862 1776 1904 calcare

88 1930 230 1960 crasso
272 1915 423 1958 obtuso
465 1913 618 1971 calycis
660 1914 967 1971 appendicibus
1008 1916 1161 1959 retusis
1204 1917 1473 1961 denticulatis
1514 1920 1642 1976 duplo
1683 1921 1776 1962 lon-

88 1975 207 2031 giore
243 1982 304 2023 24.

146 2045 245 2083 Hab.
274 2043 313 2081 in
337 2046 466 2080 monte
490 2040 658 2090 Olympo
683 2040 878 2081 Armeniae
902 2040 1050 2097 (Auch.
1079 2055 1160 2082 exs.
1184 2042 1272 2085 918
1291 2043 1338 2096 l).

145 2108 204 2165 ss‘?
240 2108 513 2165 ylabrescens.
556 2105 600 2148 V.
636 2104 806 2149 Cenism
838 2107 1003 2150 Griseb.
1043 2107 1152 2165 Spic.
1185 2109 1222 2162 I,
1253 2124 1293 2166 p.
1326 2109 1410 2154 238
1447 2117 1487 2153 et
1513 2110 1597 2153 Sm.
1625 2112 1771 2156 Prodr.

88 2167 147 2210 Fl.
177 2167 312 2211 Graec.
344 2165 376 2219 l,
408 2179 447 2222 p.
478 2163 589 2208 147⁶?
615 2178 702 2208 non
729 2165 772 2207 L.

146 2237 244 2274 Hab.
271 2236 308 2272 in
332 2235 473 2283 alpinis
495 2234 630 2272 Scardi
654 2234 691 2271 in
715 2234 946 2273 Macedonia
973 2234 1129 2287 (Griseb
1145 2237 1185 2287 l),
1210 2233 1381 2288 Olympo
1398 2239 1568 2288 Bithyno
1595 2240 1627 2277 si
1645 2241 1778 2288 planta

88 2295 300 2344 Sibthorpii
322 2294 397 2333 huc
419 2298 523 2332 recte
547 2297 710 2342 spectat,

147 2363 286 2402 Facies
313 2368 350 2400 et
373 2363 487 2400 flores
515 2362 554 2401 V.
588 2359 754 2401 Cenisz'ae
786 2363 854 2400 sed
880 2363 1009 2402 calcar
1034 2364 1190 2401 brevius
1214 2376 1289 2403 non
1315 2367 1537 2406 subulatum
1563 2371 1602 2406 et
1623 2370 1777 2418 stipulae

88 2424 260 2472 integrae,
286 2422 466 2471 pedicelli
491 2421 735 2469 longiuscule
759 2422 1005 2461 bracteolati.
1031 2423 1115 2461 Huc
1138 2424 1435 2463 subdubitanter
1458 2428 1630 2474 plantam
1647 2429 1774 2466 Mace-

87 2483 266 2521 donicam
297 2494 320 2519 a
350 2493 409 2519 me
437 2480 674 2520 fructiferam
707 2485 854 2519 tantum
877 2482 1000 2519 visam
1023 2482 1149 2520 refero
1173 2484 1241 2520 sed
1267 2485 1316 2522 ob
1342 2485 1506 2523 calcaris
1532 2488 1772 2524 brevitatem

90 2541 163 2580 huc
186 2542 313 2590 potius
339 2553 454 2590 quam
479 2541 528 2578 ad
558 2541 593 2579 V.
617 2540 815 2579 Cenisiam
839 2544 1003 2589 spectat.
1455 2548 1461 2551 ’

145 2687 206 2730 V.
225 2687 457 2731 minuta
483 2685 583 2741 (ΜΒ.
607 2685 640 2739 l,
660 2699 700 2742 p.
732 2684 833 2742 173)
863 2685 1047 2728 breviter
1065 2686 1521 2744 velutino-pubescens‚
1550 2690 1660 2733 foliis
1679 2691 1776 2733 sub-

91 2744 336 2788 orbiculatis
363 2743 548 2787 breviter
574 2743 783 2801 petiolatis
811 2743 1083 2787 obtusissimc
1103 2751 1144 2787 et
1160 2745 1365 2790 distanter
1382 2748 1581 2801 crenatis,
1612 2748 1776 2806 stipulis

90 2803 190 2846 folio
217 2802 617 2860 subaugustioribus
645 2802 856 2858 oblongis,
885 2801 1062 2845 floribus
1089 2802 1282 2857 minutis,
1312 2805 1463 2862 sepalis
1480 2819 1627 2850 versus
1655 2807 1777 2850 basin

92 2861 354 2904 subdentatis
396 2859 787 2918 appendicibusque
830 2860 1228 2915 cibato-barbatis,
1268 2864 1428 2906 calcare
1464 2865 1602 2921 petala
1639 2865 1776 2908 subae-

93 2919 240 2976 quanti
277 2926 338 2969 26.
