2021 3235
1037 123 1123 169 792

237 218 521 264 obtusissimis
548 231 673 275 parce
700 216 913 274 pellucido
932 241 949 247 -
967 214 1197 272 punctatis,
1239 213 1374 271 cymis
1411 212 1707 257 terminalibus
1741 213 1929 257 breviter

237 277 534 337 pedunculatis
562 276 603 319 in
632 275 882 334 corymbum
910 275 1091 317 densum
1118 271 1399 315 multiflorum
1426 271 1642 325 confertis,
1672 271 1825 329 sepalis
1851 272 1927 315 ob-

239 335 628 393 longo-linearibus
654 333 817 378 obtusis
845 332 1022 390 integris
1049 330 1336 390 eglandulosis
1362 336 1402 383 ὅ.

298 408 400 446 Hab.
425 407 465 445 in
489 406 650 454 rupibus
676 404 863 443 calcareis
886 403 1009 452 Syriae
1033 402 1225 450 borealis,
1256 400 1464 439 Darkusch
1490 400 1541 438 ad
1577 398 1764 439 Orontem
1792 400 1831 438 in
1866 400 1932 438 via.

239 468 285 505 ab
309 466 519 505 Antiochia
541 465 590 503 ad
614 465 769 512 Aleppo
796 461 979 515 (Boiss!),
1006 473 1130 511 prope
1153 461 1299 499 Aintab
1325 463 1363 498 et
1382 459 1477 499 Orsa
1497 457 1670 512 (Haussk
1685 457 1730 510 i).
1753 459 1814 499 Fl.
1840 460 1929 498 Jun.

300 537 446 575 Frutex
471 533 552 574 5-4
574 534 727 583 pedalis
750 533 868 570 ramis
897 535 1046 570 tantum
1078 530 1297 568 hornotinis
1331 529 1496 578 foliosis,
1522 528 1617 566 folia
1641 526 1783 568 12-15
1809 529 1931 566 lineas

240 598 358 645 longa
379 592 487 636 9-10
512 596 604 642 lata,
632 593 842 641 corymbus
867 592 983 630 diam.
1009 591 1276 639 bipollicaris,
1305 590 1420 638 calyx
1446 588 1587 627 lineam
1613 588 1753 637 longus
1778 588 1930 628 corolla

243 657 360 705 triplo
386 656 555 704 brevior,
579 653 728 691 semina
753 652 925 691 curvula.

301 811 366 854 H.
400 811 677 865 rupestre
705 806 847 851 (Jaub.
879 812 919 848 et
944 804 1079 862 Spach
1107 805 1186 847 loc.
1218 803 1288 846 cit.
1322 803 1406 846 tab.
1438 802 1487 845 ,⁶21
1521 809 1562 846 et
1597 801 1681 859 22)
1718 801 1932 859 glabrum,

243 868 353 912 foliis
381 882 402 911 e
429 866 520 910 basi
549 866 774 908 rotundata
802 865 863 907 vel
891 864 1190 907 subattenuata
1217 861 1350 905 ovatis
1374 862 1438 904 vel
1464 867 1585 904 ovato
1603 887 1621 893 -
1639 860 1833 917 oblongis
1859 860 1936 903 ob-

246 927 349 969 tusis
375 927 439 968 vel
468 924 622 968 retusis
651 938 779 980 supra
805 923 1014 980 pellucido
1031 948 1046 954 -
1065 921 1274 978 punctalis
1302 921 1452 964 subtus
1479 920 1658 976 glaucis,
1690 919 1823 977 cymis
1849 925 1935 962 ter-

245 985 474 1028 minalibus
513 982 650 1027 9-15
691 982 808 1026 floris
850 982 1035 1025 breviter
1074 981 1389 1038 pedunculatis,
1433 979 1588 1036 sepalis
1613 978 1747 1022 ovatis
1774 977 1936 1021 obtusis

244 1043 455 1101 glandulis
481 1042 615 1099 nigris
642 1041 862 1086 sessilibus
891 1039 1140 1098 marginatis
1166 1045 1205 1091 5.

306 1115 407 1154 Hab.
433 1115 469 1151 in
496 1114 656 1162 rupibus
680 1112 930 1150 verticalibus
956 1111 1102 1150 Ciliciae
1126 1106 1266 1165 (Auch.
1292 1121 1375 1147 exs.
1403 1104 1556 1164 8751).

305 1182 444 1221 Facies
472 1185 508 1218 et
533 1180 650 1218 flores
676 1179 954 1228 praecedentis,
982 1178 1077 1217 folia
1102 1175 1236 1218 12-18
1262 1177 1383 1215 lineas
1406 1177 1525 1227 longa
1548 1173 1655 1216 9-10
1689 1176 1786 1223 lata,
1815 1187 1939 1224 cymae

245 1242 428 1290 laxiores,
453 1237 568 1288 calyx
592 1240 656 1277 vix
680 1239 823 1277 lineam
847 1240 1000 1287 longus.

305 1405 370 1447 H.
399 1414 625 1447 nanum
654 1401 790 1459 (Poir.
822 1400 965 1458 Suppl.
998 1399 1104 1443 Dict.
1138 1399 1216 1453 1115,
1246 1413 1286 1455 p.
1317 1397 1424 1454 699)
1456 1397 1670 1454 glabrum,
1705 1397 1836 1440 dense
1864 1397 1939 1440 du-

247 1476 430 1515 mosum,
460 1461 570 1504 foliis
598 1460 773 1504 minutis
799 1461 930 1504 ovatis
956 1460 1018 1503 vel
1037 1458 1285 1503 orbiculatis
1302 1456 1551 1514 parcissime
1569 1455 1939 1514 pellucido-punc-

247 1520 368 1574 tatis‚
405 1520 539 1578 cymis
572 1519 869 1563 terminalibus
895 1518 974 1563 3-9
1000 1517 1119 1561 ssoris
1148 1516 1400 1560 brevissime
1427 1514 1723 1573 pedunculatis
1741 1550 1751 1569 ,
1786 1514 1939 1572 sepalis

247 1579 732 1636 oblongo-lanceolatis
769 1577 1022 1622 acuminatis
1055 1575 1343 1633 eglandulosis
1371 1583 1408 1625 5.
1455 1574 1511 1618 lc.
1552 1574 1662 1618 Jaub
1697 1581 1737 1616 et
1772 1573 1842 1631 Sp.
1875 1573 1935 1616 lll.

247 1639 408 1684 Orient.
443 1638 527 1682 tab.
559 1637 629 1681 23.

307 1711 407 1749 Hab.
435 1711 483 1748 ad
508 1710 679 1759 parietes
705 1710 858 1758 rupium
884 1709 1056 1757 regionis
1080 1707 1298 1756 subalpinae
1323 1705 1467 1744 Libani
1492 1702 1698 1759 (Labillt)‚
1724 1703 1941 1743 Antilibani

249 1772 352 1809 inter
376 1769 585 1819 Rascheya
612 1774 649 1807 et
677 1769 913 1808 Damascum
939 1773 976 1807 et
1002 1780 1121 1817 supra
1142 1764 1315 1806 Zebdani
1342 1765 1496 1816 (Boissl
1523 1765 1589 1814 Ky
1621 1776 1702 1803 exs.
1726 1761 1844 1816 68!),
1869 1763 1942 1801 Pa-

248 1831 408 1870 laestinae
433 1831 470 1868 in
497 1830 692 1868 montibus
718 1841 836 1877 supra
862 1828 1066 1878 Naplouse
1090 1819 1369 1878 (Micht).F1.
1397 1825 1592 1864 Jun.-Jut.

305 1898 423 1936 Dumi
457 1897 568 1934 densi
607 1896 892 1945 hemisphaerici
918 1896 1100 1946 pedales,
1125 1895 1220 1933 folia
1249 1891 1325 1934 5-6
1362 1893 1487 1931 lineas
1522 1893 1660 1942 longa,
1696 1891 1811 1940 calyx
1837 1889 1855 1930 1
1883 1888 1939 1946 Ἀ

248 1959 390 1996 lineam
408 1958 560 2006 longus.

303 2023 348 2076 β.
376 2025 658 2079 prostratum.
689 2019 811 2062 Rami
838 2017 1078 2062 brevissimi
1106 2030 1204 2061 saxo
1232 2015 1448 2072 adpressi,
1478 2015 1578 2059 folia
1604 2014 1796 2058 acutiora
1822 2014 1942 2070 27,-

246 2080 434 2182 3ulqique22s
460 2080 608 2135 longa,
645 2092 778 2136 cymae
806 2076 879 2121 2-5
905 2078 1048 2131 ssorae;
1085 2077 1214 2120 facies
1240 2075 1386 2118 Prtmi
1408 2079 1636 2132 prostratae
1663 2075 1724 2117 vel
1751 2074 1944 2118 Rhamni

243 2154 271 2196 p
304 2211 412 2324 Ha&
433 2210 471 2247 in
505 2209 667 2320 rppibus
692 2208 911 2248 Antilibani
935 2208 984 2247 ad
1022 2207 1181 2247 fluvium
1219 2205 1396 2245 Barrada
1437 2205 1537 2244 inter
1571 2204 1750 2243 Bessima
1790 2206 1829 2242 et
1865 2203 1939 2241 Ain

244 2271 337 2309 Fize
415 2270 506 2308 aill!
543 2298 550 2306 .

902 2421 923 2479 g
947 2420 993 2464 4.
1029 2421 1278 2467 coridia.

300 2566 365 2610 H.
386 2564 850 2620 empetrifolium
879 2563 1040 2620 (Wind,
1071 2562 1140 2621 Sp.
1164 2562 1238 2615 lll,
1259 2575 1300 2618 p.
1332 2560 1466 2619 1452)
1495 2561 1711 2618 glabrum,
1742 2560 1939 2604 ramosis-

241 2624 398 2668 simum
428 2622 557 2666 ramis
585 2622 736 2666 erectis
754 2622 969 2666 fruticosis
987 2621 1214 2665 ramulosis
1232 2620 1451 2674 tenuibus,
1480 2620 1591 2663 foliis
1609 2619 1742 2664 ternis
1761 2625 1938 2676 anguste

238 2682 473 2726 linearibus
499 2681 662 2724 obtusis
682 2681 876 2737 margine
896 2681 1096 2724 revolutis
1114 2679 1292 2736 integris
1317 2678 1780 2736 pellucido-punctatis,
1806 2677 1937 2736 cymis

237 2740 486 2799 paucissoris
513 2740 556 2783 in
585 2754 803 2783 racemum
829 2739 1145 2797 pyramidatum
1172 2738 1405 2796 dispositis,
1434 2738 1587 2795 sepalis
1605 2737 1938 2794 oblongo-linea-

237 2800 358 2843 ribus
385 2798 670 2843 obtusissimis
697 2798 908 2855 glandulis
936 2798 1082 2856 paucis
1110 2797 1330 2842 sfssilibus
1358 2796 1493 2854 nigris
1510 2795 1759 2853 marginatis
1779 2795 1937 2839 corolla

235 2858 315 2902 3-4
342 2859 409 2915 plo
437 2857 704 2900 brevioribus
722 2857 953 2900 fructiferis
980 2857 1153 2914 patulis,
1183 2855 1333 2914 petalis
1352 2855 1558 2909 deciduis,
1589 2856 1773 2912 capsul‘e
1797 2853 1936 2897 coccis

236 2918 364 2962 dorso
383 2916 585 2961 bivittatis
603 2916 834 2960 lateraliter
845 2916 1039 2960 vesiculis
1052 2915 1236 2974 obliquis
1248 2914 1414 2969 obsitis‚
1429 2914 1664 2964 seminibus
1678 2911 1935 2957 abbreviatis
