<?xml version="1.0" encoding="UTF-8"?>
<!DOCTYPE html PUBLIC "-//W3C//DTD XHTML 1.0 Transitional//EN"
    "http://www.w3.org/TR/xhtml1/DTD/xhtml1-transitional.dtd">
<html xmlns="http://www.w3.org/1999/xhtml" xml:lang="en" lang="en">
 <head>
  <title>
</title>
<meta http-equiv="Content-Type" content="text/html;charset=utf-8" />
  <meta name='ocr-system' content='tesseract 3.04.00' />
  <meta name='ocr-capabilities' content='ocr_page ocr_carea ocr_par ocr_line ocrx_word'/>
</head>
<body>
  <div class='ocr_page' id='page_1' title='image "./floraorientaliss01bois_0236.png"; bbox 0 0 2021 3235; ppageno 0'>
   <div class='ocr_carea' id='block_1_1' title="bbox 999 84 1085 128">
    <p class='ocr_par' dir='ltr' id='par_1_1' title="bbox 999 84 1085 128">
     <span class='ocr_line' id='line_1_1' title="bbox 999 84 1085 128; baseline 0 -1"><span class='ocrx_word' id='word_1_1' title='bbox 999 84 1085 128; x_wconf 62' lang='grc'>’199</span> 
     </span>
    </p>
   </div>
   <div class='ocr_carea' id='block_1_2' title="bbox 196 178 1891 346">
    <p class='ocr_par' dir='ltr' id='par_1_2' title="bbox 196 178 1891 346">
     <span class='ocr_line' id='line_1_2' title="bbox 259 178 1891 228; baseline 0 -10"><span class='ocrx_word' id='word_1_2' title='bbox 259 179 462 228; x_wconf 87' lang='lat' dir='ltr'>Bipedale‚</span> <span class='ocrx_word' id='word_1_3' title='bbox 492 178 586 217; x_wconf 86' lang='lat' dir='ltr'>folia</span> <span class='ocrx_word' id='word_1_4' title='bbox 609 179 738 217; x_wconf 87' lang='lat' dir='ltr'>media</span> <span class='ocrx_word' id='word_1_5' title='bbox 761 179 945 227; x_wconf 78' lang='lat' dir='ltr'>pollicem</span> <span class='ocrx_word' id='word_1_6' title='bbox 965 178 1086 226; x_wconf 87' lang='lat' dir='ltr'>longa</span> <span class='ocrx_word' id='word_1_7' title='bbox 1116 179 1393 227; x_wconf 88' lang='lat' dir='ltr'>scsquilineam</span> <span class='ocrx_word' id='word_1_8' title='bbox 1415 179 1511 225; x_wconf 84' lang='lat' dir='ltr'>lata,</span> <span class='ocrx_word' id='word_1_9' title='bbox 1539 178 1655 218; x_wconf 82' lang='lat' dir='ltr'>flores</span> <span class='ocrx_word' id='word_1_10' title='bbox 1679 179 1735 217; x_wconf 90' lang='lat' dir='ltr'>eis</span> <span class='ocrx_word' id='word_1_11' title='bbox 1758 180 1804 218; x_wconf 87' lang='lat' dir='ltr'>E.</span> <span class='ocrx_word' id='word_1_12' title='bbox 1827 191 1891 218; x_wconf 80' lang='lat' dir='ltr'>re—</span> 
     </span>
     <span class='ocr_line' id='line_1_3' title="bbox 196 238 1890 290; baseline -0.001 -11"><span class='ocrx_word' id='word_1_13' title='bbox 196 240 320 290; x_wconf 80' lang='lat' dir='ltr'><em>pandi</em></span> <span class='ocrx_word' id='word_1_14' title='bbox 345 240 528 288; x_wconf 82' lang='lat' dir='ltr'>minores,</span> <span class='ocrx_word' id='word_1_15' title='bbox 552 238 748 288; x_wconf 83' lang='lat' dir='ltr'>glandulae</span> <span class='ocrx_word' id='word_1_16' title='bbox 770 238 943 286; x_wconf 81' lang='lat' dir='ltr'>placent.</span> <span class='ocrx_word' id='word_1_17' title='bbox 970 238 1125 288; x_wconf 84' lang='lat' dir='ltr'>bilobae‚</span> <span class='ocrx_word' id='word_1_18' title='bbox 1153 239 1328 276; x_wconf 84' lang='lat' dir='ltr'>ovarium</span> <span class='ocrx_word' id='word_1_19' title='bbox 1353 239 1473 276; x_wconf 88' lang='lat' dir='ltr'>breve</span> <span class='ocrx_word' id='word_1_20' title='bbox 1497 239 1691 277; x_wconf 82' lang='lat' dir='ltr'>strictum.</span> <span class='ocrx_word' id='word_1_21' title='bbox 1727 238 1890 288; x_wconf 82' lang='lat' dir='ltr'>Species</span> 
     </span>
     <span class='ocr_line' id='line_1_4' title="bbox 202 297 1650 346; baseline -0.001 -9"><span class='ocrx_word' id='word_1_22' title='bbox 202 301 303 337; x_wconf 88' lang='lat' dir='ltr'>male</span> <span class='ocrx_word' id='word_1_23' title='bbox 326 303 421 337; x_wconf 87' lang='lat' dir='ltr'>nota</span> <span class='ocrx_word' id='word_1_24' title='bbox 441 298 511 336; x_wconf 83' lang='lat' dir='ltr'>sed</span> <span class='ocrx_word' id='word_1_25' title='bbox 532 298 693 336; x_wconf 89' lang='lat' dir='ltr'>floribus</span> <span class='ocrx_word' id='word_1_26' title='bbox 718 297 966 346; x_wconf 89' lang='lat' dir='ltr'>pedicellatis</span> <span class='ocrx_word' id='word_1_27' title='bbox 990 297 1107 345; x_wconf 86' lang='lat' dir='ltr'>longe</span> <span class='ocrx_word' id='word_1_28' title='bbox 1130 298 1343 336; x_wconf 88' lang='lat' dir='ltr'>racemosis</span> <span class='ocrx_word' id='word_1_29' title='bbox 1367 298 1650 346; x_wconf 87' lang='lat' dir='ltr'>dignoscenda.</span> 
     </span>
    </p>
   </div>
   <div class='ocr_carea' id='block_1_3' title="bbox 415 445 1673 499">
    <p class='ocr_par' dir='ltr' id='par_1_3' title="bbox 415 445 1673 499">
     <span class='ocr_line' id='line_1_5' title="bbox 415 445 1673 499; baseline -0.001 -14"><span class='ocrx_word' id='word_1_30' title='bbox 415 447 447 499; x_wconf 85' lang='lat'>†</span> <span class='ocrx_word' id='word_1_31' title='bbox 477 446 508 499; x_wconf 82' lang='lat'>†</span> <span class='ocrx_word' id='word_1_32' title='bbox 539 445 827 485; x_wconf 86' lang='lat' dir='ltr'>Heterotricha.</span> <span class='ocrx_word' id='word_1_33' title='bbox 845 468 902 474; x_wconf 93' lang='lat'><strong>—</strong></span> <span class='ocrx_word' id='word_1_34' title='bbox 925 446 1000 484; x_wconf 91' lang='lat' dir='ltr'>Pili</span> <span class='ocrx_word' id='word_1_35' title='bbox 1024 447 1200 495; x_wconf 82' lang='lat' dir='ltr'>bipartiti</span> <span class='ocrx_word' id='word_1_36' title='bbox 1224 450 1262 485; x_wconf 88' lang='lat' dir='ltr'>et</span> <span class='ocrx_word' id='word_1_37' title='bbox 1286 445 1527 495; x_wconf 85' lang='lat' dir='ltr'>pluripartiti</span> <span class='ocrx_word' id='word_1_38' title='bbox 1552 445 1673 484; x_wconf 87' lang='lat' dir='ltr'>mixti.</span> 
     </span>
    </p>
   </div>
   <div class='ocr_carea' id='block_1_4' title="bbox 199 590 1893 887">
    <p class='ocr_par' dir='ltr' id='par_1_4' title="bbox 199 590 1893 887">
     <span class='ocr_line' id='line_1_6' title="bbox 258 590 1891 648; baseline -0.001 -12"><span class='ocrx_word' id='word_1_39' title='bbox 258 594 313 636; x_wconf 88' lang='lat' dir='ltr'>E.</span> <span class='ocrx_word' id='word_1_40' title='bbox 342 592 636 637; x_wconf 81' lang='lat' dir='ltr'>Creticum</span> <span class='ocrx_word' id='word_1_41' title='bbox 665 590 816 647; x_wconf 69' lang='lat' dir='ltr'>(Boiss</span> <span class='ocrx_word' id='word_1_42' title='bbox 849 590 996 647; x_wconf 85' lang='lat' dir='ltr'>Diagn.</span> <span class='ocrx_word' id='word_1_43' title='bbox 1026 590 1116 634; x_wconf 83' lang='lat' dir='ltr'>Ser.</span> <span class='ocrx_word' id='word_1_44' title='bbox 1150 591 1203 645; x_wconf 84' lang='grc' dir='ltr'>ΙΙ,</span> <span class='ocrx_word' id='word_1_45' title='bbox 1234 591 1267 645; x_wconf 89' lang='lat' dir='ltr'>l,</span> <span class='ocrx_word' id='word_1_46' title='bbox 1296 605 1336 648; x_wconf 85' lang='lat' dir='ltr'>p.</span> <span class='ocrx_word' id='word_1_47' title='bbox 1369 590 1441 647; x_wconf 73' lang='lat'>⁶26)</span> <span class='ocrx_word' id='word_1_48' title='bbox 1477 604 1733 644; x_wconf 77' lang='lat' dir='ltr'>canescens,</span> <span class='ocrx_word' id='word_1_49' title='bbox 1771 592 1891 634; x_wconf 88' lang='lat' dir='ltr'>caule</span> 
     </span>
     <span class='ocr_line' id='line_1_7' title="bbox 200 649 1892 706; baseline -0.002 -11"><span class='ocrx_word' id='word_1_50' title='bbox 200 665 343 695; x_wconf 85' lang='lat' dir='ltr'>crasso</span> <span class='ocrx_word' id='word_1_51' title='bbox 385 651 564 703; x_wconf 89' lang='lat' dir='ltr'>sulcato,</span> <span class='ocrx_word' id='word_1_52' title='bbox 606 649 717 692; x_wconf 87' lang='lat' dir='ltr'>foliis</span> <span class='ocrx_word' id='word_1_53' title='bbox 753 651 834 692; x_wconf 79' lang='lat' dir='ltr'>late</span> <span class='ocrx_word' id='word_1_54' title='bbox 868 649 1104 693; x_wconf 80' lang='lat' dir='ltr'>linearibus</span> <span class='ocrx_word' id='word_1_55' title='bbox 1137 649 1314 706; x_wconf 81' lang='lat' dir='ltr'>integris</span> <span class='ocrx_word' id='word_1_56' title='bbox 1340 651 1403 693; x_wconf 87' lang='lat' dir='ltr'>vel</span> <span class='ocrx_word' id='word_1_57' title='bbox 1432 656 1593 692; x_wconf 88' lang='lat' dir='ltr'>remote</span> <span class='ocrx_word' id='word_1_58' title='bbox 1621 649 1892 693; x_wconf 80' lang='lat' dir='ltr'>denticulatis</span> 
     </span>
     <span class='ocr_line' id='line_1_8' title="bbox 200 706 1893 765; baseline -0.001 -13"><span class='ocrx_word' id='word_1_59' title='bbox 200 709 489 753; x_wconf 88' lang='lat' dir='ltr'>canaliculatis</span> <span class='ocrx_word' id='word_1_60' title='bbox 522 721 634 765; x_wconf 83' lang='lat' dir='ltr'>saepe</span> <span class='ocrx_word' id='word_1_61' title='bbox 671 708 876 761; x_wconf 82' lang='lat' dir='ltr'>recurvis,</span> <span class='ocrx_word' id='word_1_62' title='bbox 924 707 1103 752; x_wconf 71' lang='lat' dir='ltr'>floribus</span> <span class='ocrx_word' id='word_1_63' title='bbox 1144 708 1409 765; x_wconf 87' lang='lat' dir='ltr'>majusculis,</span> <span class='ocrx_word' id='word_1_64' title='bbox 1454 707 1621 765; x_wconf 85' lang='lat' dir='ltr'>siliquis</span> <span class='ocrx_word' id='word_1_65' title='bbox 1662 709 1775 765; x_wconf 89' lang='lat' dir='ltr'>pube</span> <span class='ocrx_word' id='word_1_66' title='bbox 1815 706 1893 751; x_wconf 78' lang='lat'>3-5</span> 
     </span>
     <span class='ocr_line' id='line_1_9' title="bbox 200 766 1893 825; baseline -0.002 -14"><span class='ocrx_word' id='word_1_67' title='bbox 200 768 355 825; x_wconf 77' lang='lat' dir='ltr'>partita</span> <span class='ocrx_word' id='word_1_68' title='bbox 395 766 721 810; x_wconf 82' lang='lat' dir='ltr'>canescentibus</span> <span class='ocrx_word' id='word_1_69' title='bbox 761 766 899 822; x_wconf 87' lang='lat' dir='ltr'>longis</span> <span class='ocrx_word' id='word_1_70' title='bbox 939 767 1090 810; x_wconf 89' lang='lat' dir='ltr'>obtuse</span> <span class='ocrx_word' id='word_1_71' title='bbox 1132 766 1637 824; x_wconf 82' lang='lat' dir='ltr'>tetragono-compressis</span> <span class='ocrx_word' id='word_1_72' title='bbox 1686 766 1893 824; x_wconf 89' lang='lat' dir='ltr'>pedicello</span> 
     </span>
     <span class='ocr_line' id='line_1_10' title="bbox 199 825 1586 887; baseline -0.001 -18"><span class='ocrx_word' id='word_1_73' title='bbox 199 826 318 869; x_wconf 82' lang='lat' dir='ltr'>brevi</span> <span class='ocrx_word' id='word_1_74' title='bbox 345 839 488 869; x_wconf 87' lang='lat' dir='ltr'>crasso</span> <span class='ocrx_word' id='word_1_75' title='bbox 515 825 660 882; x_wconf 87' lang='lat' dir='ltr'>patulo</span> <span class='ocrx_word' id='word_1_76' title='bbox 687 825 887 878; x_wconf 85' lang='lat' dir='ltr'>suffultis,</span> <span class='ocrx_word' id='word_1_77' title='bbox 918 825 1113 882; x_wconf 81' lang='lat' dir='ltr'>stigmate</span> <span class='ocrx_word' id='word_1_78' title='bbox 1141 825 1279 869; x_wconf 87' lang='lat' dir='ltr'>scssili</span> <span class='ocrx_word' id='word_1_79' title='bbox 1306 825 1497 887; x_wconf 37' lang='lat' dir='ltr'>capitato·</span> <span class='ocrx_word' id='word_1_80' title='bbox 1515 826 1586 881; x_wconf 60' lang='lat'>&amp;-</span> 
     </span>
    </p>
   </div>
   <div class='ocr_carea' id='block_1_5' title="bbox 204 894 1894 1004">
    <p class='ocr_par' dir='ltr' id='par_1_5' title="bbox 204 894 1894 1004">
     <span class='ocr_line' id='line_1_11' title="bbox 261 894 1894 945; baseline -0.001 -11"><span class='ocrx_word' id='word_1_81' title='bbox 261 897 361 934; x_wconf 86' lang='lat' dir='ltr'>Hab.</span> <span class='ocrx_word' id='word_1_82' title='bbox 385 896 424 932; x_wconf 88' lang='lat' dir='ltr'>iu</span> <span class='ocrx_word' id='word_1_83' title='bbox 446 895 597 933; x_wconf 86' lang='lat' dir='ltr'>saxosis</span> <span class='ocrx_word' id='word_1_84' title='bbox 620 895 671 932; x_wconf 81' lang='lat' dir='ltr'>ad</span> <span class='ocrx_word' id='word_1_85' title='bbox 689 894 941 942; x_wconf 78' lang='lat' dir='ltr'>Contopoura</span> <span class='ocrx_word' id='word_1_86' title='bbox 965 906 1075 943; x_wconf 88' lang='lat' dir='ltr'>prov.</span> <span class='ocrx_word' id='word_1_87' title='bbox 1100 896 1338 943; x_wconf 86' lang='lat' dir='ltr'>Apocorona</span> <span class='ocrx_word' id='word_1_88' title='bbox 1368 895 1494 934; x_wconf 81' lang='lat' dir='ltr'>Cretae</span> <span class='ocrx_word' id='word_1_89' title='bbox 1530 895 1683 945; x_wconf 87' lang='lat' dir='ltr'>(Heldr.</span> <span class='ocrx_word' id='word_1_90' title='bbox 1715 905 1796 933; x_wconf 84' lang='lat' dir='ltr'>exs.</span> <span class='ocrx_word' id='word_1_91' title='bbox 1823 895 1894 933; x_wconf 87' lang='lat' dir='ltr'>sub</span> 
     </span>
     <span class='ocr_line' id='line_1_12' title="bbox 204 953 702 1004; baseline -0.002 -10"><span class='ocrx_word' id='word_1_92' title='bbox 204 956 249 994; x_wconf 89' lang='lat' dir='ltr'>E.</span> <span class='ocrx_word' id='word_1_93' title='bbox 273 955 440 994; x_wconf 72' lang='lat' dir='ltr'>australi</span> <span class='ocrx_word' id='word_1_94' title='bbox 464 966 513 992; x_wconf 85' lang='lat' dir='ltr'>ex</span> <span class='ocrx_word' id='word_1_95' title='bbox 536 957 647 1002; x_wconf 83' lang='lat' dir='ltr'>parte</span> <span class='ocrx_word' id='word_1_96' title='bbox 660 953 702 1004; x_wconf 78' lang='lat'>1).</span> 
     </span>
    </p>
   </div>
   <div class='ocr_carea' id='block_1_6' title="bbox 203 1017 1895 1191">
    <p class='ocr_par' dir='ltr' id='par_1_6' title="bbox 203 1017 1895 1191">
     <span class='ocr_line' id='line_1_13' title="bbox 261 1017 1895 1072; baseline -0.002 -12"><span class='ocrx_word' id='word_1_97' title='bbox 261 1022 464 1071; x_wconf 84' lang='lat' dir='ltr'>Bipedale‚</span> <span class='ocrx_word' id='word_1_98' title='bbox 490 1021 641 1069; x_wconf 79' lang='lat' dir='ltr'>siliquae</span> <span class='ocrx_word' id='word_1_99' title='bbox 661 1017 906 1072; x_wconf 83' lang='lat' dir='ltr'>(immaturae)</span> <span class='ocrx_word' id='word_1_100' title='bbox 932 1018 1195 1069; x_wconf 84' lang='lat' dir='ltr'>tripollicares</span> <span class='ocrx_word' id='word_1_101' title='bbox 1221 1023 1396 1069; x_wconf 75' lang='lat' dir='ltr'>angustae</span> <span class='ocrx_word' id='word_1_102' title='bbox 1421 1020 1547 1058; x_wconf 88' lang='lat' dir='ltr'>valvis</span> <span class='ocrx_word' id='word_1_103' title='bbox 1580 1020 1759 1059; x_wconf 84' lang='lat' dir='ltr'>obsolete</span> <span class='ocrx_word' id='word_1_104' title='bbox 1788 1020 1895 1058; x_wconf 87' lang='lat' dir='ltr'>cari-</span> 
     </span>
     <span class='ocr_line' id='line_1_14' title="bbox 203 1079 1895 1130; baseline -0.002 -10"><span class='ocrx_word' id='word_1_105' title='bbox 203 1082 306 1120; x_wconf 85' lang='lat' dir='ltr'>natis</span> <span class='ocrx_word' id='word_1_106' title='bbox 330 1081 439 1129; x_wconf 89' lang='lat' dir='ltr'>replo</span> <span class='ocrx_word' id='word_1_107' title='bbox 477 1081 659 1129; x_wconf 90' lang='lat' dir='ltr'>utrinque</span> <span class='ocrx_word' id='word_1_108' title='bbox 690 1080 769 1117; x_wconf 84' lang='lat' dir='ltr'>lato</span> <span class='ocrx_word' id='word_1_109' title='bbox 798 1079 961 1129; x_wconf 76' lang='lat' dir='ltr'>obtuso3</span> <span class='ocrx_word' id='word_1_110' title='bbox 986 1080 1104 1118; x_wconf 89' lang='lat' dir='ltr'>flores</span> <span class='ocrx_word' id='word_1_111' title='bbox 1134 1080 1251 1128; x_wconf 87' lang='lat' dir='ltr'>paulo</span> <span class='ocrx_word' id='word_1_112' title='bbox 1275 1080 1447 1130; x_wconf 82' lang='lat' dir='ltr'>majores</span> <span class='ocrx_word' id='word_1_113' title='bbox 1481 1080 1538 1118; x_wconf 86' lang='lat' dir='ltr'>eis</span> <span class='ocrx_word' id='word_1_114' title='bbox 1577 1080 1626 1118; x_wconf 83' lang='lat' dir='ltr'>E.</span> <span class='ocrx_word' id='word_1_115' title='bbox 1653 1079 1895 1119; x_wconf 67' lang='lat' dir='ltr'>canescentia</span> 
     </span>
     <span class='ocr_line' id='line_1_15' title="bbox 203 1139 924 1191; baseline -0.003 -12"><span class='ocrx_word' id='word_1_116' title='bbox 203 1141 346 1191; x_wconf 75' lang='lat' dir='ltr'>siliqua</span> <span class='ocrx_word' id='word_1_117' title='bbox 369 1143 482 1180; x_wconf 88' lang='lat' dir='ltr'>acute</span> <span class='ocrx_word' id='word_1_118' title='bbox 503 1140 714 1189; x_wconf 72' lang='lat' dir='ltr'>tetragona</span> <span class='ocrx_word' id='word_1_119' title='bbox 737 1139 924 1177; x_wconf 86' lang='lat' dir='ltr'>distincti.</span> 
     </span>
    </p>
   </div>
   <div class='ocr_carea' id='block_1_7' title="bbox 204 1292 1899 1705">
    <p class='ocr_par' dir='ltr' id='par_1_7' title="bbox 204 1292 1899 1705">
     <span class='ocr_line' id='line_1_16' title="bbox 263 1292 1891 1352; baseline -0.002 -13"><span class='ocrx_word' id='word_1_120' title='bbox 263 1297 320 1340; x_wconf 82' lang='lat' dir='ltr'>E.</span> <span class='ocrx_word' id='word_1_121' title='bbox 338 1295 631 1339; x_wconf 84' lang='lat' dir='ltr'>Ibericum</span> <span class='ocrx_word' id='word_1_122' title='bbox 649 1293 824 1350; x_wconf 86' lang='lat' dir='ltr'>(Adams</span> <span class='ocrx_word' id='word_1_123' title='bbox 843 1293 884 1336; x_wconf 90' lang='lat' dir='ltr'>in</span> <span class='ocrx_word' id='word_1_124' title='bbox 897 1293 982 1337; x_wconf 89' lang='grc' dir='ltr'>ΜΒ.</span> <span class='ocrx_word' id='word_1_125' title='bbox 999 1294 1125 1337; x_wconf 82' lang='lat' dir='ltr'>Taur.</span> <span class='ocrx_word' id='word_1_126' title='bbox 1142 1293 1267 1338; x_wconf 89' lang='lat' dir='ltr'>Cauc.</span> <span class='ocrx_word' id='word_1_127' title='bbox 1282 1294 1336 1348; x_wconf 86' lang='lat' dir='ltr'>II,</span> <span class='ocrx_word' id='word_1_128' title='bbox 1356 1309 1398 1352; x_wconf 91' lang='lat' dir='ltr'>p.</span> <span class='ocrx_word' id='word_1_129' title='bbox 1415 1293 1498 1337; x_wconf 85' lang='lat'>118</span> <span class='ocrx_word' id='word_1_130' title='bbox 1517 1294 1595 1338; x_wconf 89' lang='lat' dir='ltr'>sub</span> <span class='ocrx_word' id='word_1_131' title='bbox 1612 1292 1891 1352; x_wconf 78' lang='lat' dir='ltr'>Cheirantho)</span> 
     </span>
     <span class='ocr_line' id='line_1_17' title="bbox 204 1353 1898 1410; baseline -0.001 -13"><span class='ocrx_word' id='word_1_132' title='bbox 204 1353 361 1407; x_wconf 82' lang='lat' dir='ltr'>virens,</span> <span class='ocrx_word' id='word_1_133' title='bbox 396 1354 516 1396; x_wconf 87' lang='lat' dir='ltr'>caule</span> <span class='ocrx_word' id='word_1_134' title='bbox 551 1366 694 1396; x_wconf 87' lang='lat' dir='ltr'>crasso</span> <span class='ocrx_word' id='word_1_135' title='bbox 721 1353 881 1396; x_wconf 82' lang='lat' dir='ltr'>sulcato</span> <span class='ocrx_word' id='word_1_136' title='bbox 910 1353 1041 1396; x_wconf 90' lang='lat' dir='ltr'>dense</span> <span class='ocrx_word' id='word_1_137' title='bbox 1063 1353 1212 1397; x_wconf 87' lang='lat' dir='ltr'>solioso</span> <span class='ocrx_word' id='word_1_138' title='bbox 1246 1353 1429 1410; x_wconf 86' lang='lat' dir='ltr'>simplici</span> <span class='ocrx_word' id='word_1_139' title='bbox 1462 1354 1527 1396; x_wconf 88' lang='lat' dir='ltr'>vel</span> <span class='ocrx_word' id='word_1_140' title='bbox 1555 1353 1699 1396; x_wconf 84' lang='lat' dir='ltr'>stricte</span> <span class='ocrx_word' id='word_1_141' title='bbox 1727 1367 1898 1396; x_wconf 85' lang='lat' dir='ltr'>ramoso</span> 
     </span>
     <span class='ocr_line' id='line_1_18' title="bbox 204 1411 1899 1470; baseline -0.001 -14"><span class='ocrx_word' id='word_1_142' title='bbox 204 1413 316 1470; x_wconf 91' lang='lat' dir='ltr'>pube</span> <span class='ocrx_word' id='word_1_143' title='bbox 343 1412 543 1469; x_wconf 75' lang='lat' dir='ltr'>bipartita</span> <span class='ocrx_word' id='word_1_144' title='bbox 571 1411 752 1468; x_wconf 76' lang='lat' dir='ltr'>sparsim</span> <span class='ocrx_word' id='word_1_145' title='bbox 780 1411 935 1464; x_wconf 87' lang='lat' dir='ltr'>obsito,</span> <span class='ocrx_word' id='word_1_146' title='bbox 965 1412 1075 1455; x_wconf 85' lang='lat' dir='ltr'>soliis</span> <span class='ocrx_word' id='word_1_147' title='bbox 1101 1412 1214 1469; x_wconf 89' lang='lat' dir='ltr'>pube</span> <span class='ocrx_word' id='word_1_148' title='bbox 1241 1411 1313 1455; x_wconf 76' lang='grc'>3-4</span> <span class='ocrx_word' id='word_1_149' title='bbox 1338 1412 1494 1470; x_wconf 75' lang='lat' dir='ltr'>partita</span> <span class='ocrx_word' id='word_1_150' title='bbox 1521 1411 1669 1455; x_wconf 88' lang='lat' dir='ltr'>obsitis</span> <span class='ocrx_word' id='word_1_151' title='bbox 1697 1412 1899 1467; x_wconf 83' lang='lat' dir='ltr'>oblongo-</span> 
     </span>
     <span class='ocr_line' id='line_1_19' title="bbox 205 1469 1898 1527; baseline -0.002 -12"><span class='ocrx_word' id='word_1_152' title='bbox 205 1470 448 1515; x_wconf 85' lang='lat' dir='ltr'>lanceolatis</span> <span class='ocrx_word' id='word_1_153' title='bbox 475 1469 632 1513; x_wconf 83' lang='lat' dir='ltr'>strictis</span> <span class='ocrx_word' id='word_1_154' title='bbox 659 1469 896 1514; x_wconf 81' lang='lat' dir='ltr'>runcinatis</span> <span class='ocrx_word' id='word_1_155' title='bbox 914 1471 978 1513; x_wconf 88' lang='lat' dir='ltr'>vel</span> <span class='ocrx_word' id='word_1_156' title='bbox 995 1470 1283 1524; x_wconf 77' lang='lat' dir='ltr'>denticulatis,</span> <span class='ocrx_word' id='word_1_157' title='bbox 1312 1470 1493 1514; x_wconf 85' lang='lat' dir='ltr'>floribus</span> <span class='ocrx_word' id='word_1_158' title='bbox 1519 1470 1702 1527; x_wconf 87' lang='lat' dir='ltr'>magnis,</span> <span class='ocrx_word' id='word_1_159' title='bbox 1732 1469 1898 1527; x_wconf 86' lang='lat' dir='ltr'>siliquis</span> 
     </span>
     <span class='ocr_line' id='line_1_20' title="bbox 204 1528 1899 1588; baseline -0.001 -15"><span class='ocrx_word' id='word_1_160' title='bbox 204 1530 411 1588; x_wconf 89' lang='lat' dir='ltr'>pedicello</span> <span class='ocrx_word' id='word_1_161' title='bbox 444 1529 711 1585; x_wconf 88' lang='lat' dir='ltr'>longiusculo</span> <span class='ocrx_word' id='word_1_162' title='bbox 749 1528 932 1572; x_wconf 84' lang='lat' dir='ltr'>suffultis</span> <span class='ocrx_word' id='word_1_163' title='bbox 968 1529 1307 1587; x_wconf 86' lang='lat' dir='ltr'>subcompressis</span> <span class='ocrx_word' id='word_1_164' title='bbox 1348 1536 1470 1573; x_wconf 88' lang='lat' dir='ltr'>acute</span> <span class='ocrx_word' id='word_1_165' title='bbox 1512 1528 1746 1586; x_wconf 82' lang='lat' dir='ltr'>tetragonis</span> <span class='ocrx_word' id='word_1_166' title='bbox 1786 1529 1899 1586; x_wconf 87' lang='lat' dir='ltr'>pube</span> 
     </span>
     <span class='ocr_line' id='line_1_21' title="bbox 206 1587 1897 1645; baseline 0 -15"><span class='ocrx_word' id='word_1_167' title='bbox 206 1591 392 1642; x_wconf 83' lang='lat' dir='ltr'>ramosa,</span> <span class='ocrx_word' id='word_1_168' title='bbox 422 1587 618 1645; x_wconf 86' lang='lat' dir='ltr'>stigmate</span> <span class='ocrx_word' id='word_1_169' title='bbox 636 1587 901 1630; x_wconf 82' lang='lat' dir='ltr'>divaricatim</span> <span class='ocrx_word' id='word_1_170' title='bbox 919 1587 1063 1632; x_wconf 89' lang='lat' dir='ltr'>bilobo</span> <span class='ocrx_word' id='word_1_171' title='bbox 1091 1589 1160 1645; x_wconf 59' lang='lat' dir='ltr'>Q).</span> <span class='ocrx_word' id='word_1_172' title='bbox 1197 1587 1487 1632; x_wconf 80' lang='lat' dir='ltr'>Chciranthus</span> <span class='ocrx_word' id='word_1_173' title='bbox 1503 1588 1786 1631; x_wconf 76' lang='lat' dir='ltr'>Armeniacus</span> <span class='ocrx_word' id='word_1_174' title='bbox 1808 1587 1897 1630; x_wconf 65' lang='lat' dir='ltr'>Boi.</span> 
     </span>
     <span class='ocr_line' id='line_1_22' title="bbox 206 1645 1375 1705; baseline -0.001 -15"><span class='ocrx_word' id='word_1_175' title='bbox 206 1647 314 1704; x_wconf 89' lang='lat' dir='ltr'>Mag.</span> <span class='ocrx_word' id='word_1_176' title='bbox 345 1647 430 1690; x_wconf 88' lang='lat' dir='ltr'>tab.</span> <span class='ocrx_word' id='word_1_177' title='bbox 453 1645 561 1690; x_wconf 80' lang='lat'>835!</span> <span class='ocrx_word' id='word_1_178' title='bbox 592 1645 647 1688; x_wconf 92' lang='lat' dir='ltr'>E.</span> <span class='ocrx_word' id='word_1_179' title='bbox 677 1646 985 1690; x_wconf 76' lang='lat' dir='ltr'>Armeniacum</span> <span class='ocrx_word' id='word_1_180' title='bbox 1011 1647 1049 1690; x_wconf 89' lang='lat' dir='ltr'>J.</span> <span class='ocrx_word' id='word_1_181' title='bbox 1079 1646 1167 1705; x_wconf 78' lang='lat' dir='ltr'>Gay</span> <span class='ocrx_word' id='word_1_182' title='bbox 1194 1648 1274 1690; x_wconf 91' lang='lat' dir='ltr'>loc.</span> <span class='ocrx_word' id='word_1_183' title='bbox 1305 1646 1375 1690; x_wconf 87' lang='lat' dir='ltr'>cit.</span> 
     </span>
    </p>
   </div>
   <div class='ocr_carea' id='block_1_8' title="bbox 209 1718 1901 1831">
    <p class='ocr_par' dir='ltr' id='par_1_8' title="bbox 209 1718 1901 1831">
     <span class='ocr_line' id='line_1_23' title="bbox 267 1718 1901 1767; baseline -0.001 -12"><span class='ocrx_word' id='word_1_184' title='bbox 267 1718 367 1757; x_wconf 87' lang='lat' dir='ltr'>Hah.</span> <span class='ocrx_word' id='word_1_185' title='bbox 403 1719 442 1756; x_wconf 88' lang='lat' dir='ltr'>in</span> <span class='ocrx_word' id='word_1_186' title='bbox 474 1719 635 1766; x_wconf 87' lang='lat' dir='ltr'>regione</span> <span class='ocrx_word' id='word_1_187' title='bbox 663 1718 797 1766; x_wconf 80' lang='lat' dir='ltr'>alpina</span> <span class='ocrx_word' id='word_1_188' title='bbox 827 1718 1015 1766; x_wconf 85' lang='lat' dir='ltr'>Caucasi,</span> <span class='ocrx_word' id='word_1_189' title='bbox 1046 1730 1158 1757; x_wconf 87' lang='lat' dir='ltr'>mons</span> <span class='ocrx_word' id='word_1_190' title='bbox 1196 1719 1418 1757; x_wconf 78' lang='lat' dir='ltr'>Kaischaui·</span> <span class='ocrx_word' id='word_1_191' title='bbox 1457 1722 1496 1757; x_wconf 82' lang='lat' dir='ltr'>et</span> <span class='ocrx_word' id='word_1_192' title='bbox 1527 1718 1651 1767; x_wconf 86' lang='lat' dir='ltr'>Alpes</span> <span class='ocrx_word' id='word_1_193' title='bbox 1690 1718 1901 1757; x_wconf 88' lang='lat' dir='ltr'>Kubenses</span> 
     </span>
     <span class='ocr_line' id='line_1_24' title="bbox 209 1774 1396 1831; baseline 0.002 -16"><span class='ocrx_word' id='word_1_194' title='bbox 209 1774 313 1831; x_wconf 90' lang='grc' dir='ltr'>(ΜΒ.</span> <span class='ocrx_word' id='word_1_195' title='bbox 332 1777 439 1816; x_wconf 89' lang='lat' dir='ltr'>Stev.</span> <span class='ocrx_word' id='word_1_196' title='bbox 463 1778 503 1815; x_wconf 89' lang='lat' dir='ltr'>in</span> <span class='ocrx_word' id='word_1_197' title='bbox 524 1789 589 1816; x_wconf 84' lang='lat' dir='ltr'>Dc.</span> <span class='ocrx_word' id='word_1_198' title='bbox 622 1776 741 1816; x_wconf 77' lang='lat' dir='ltr'>herb!</span> <span class='ocrx_word' id='word_1_199' title='bbox 766 1778 974 1817; x_wconf 85' lang='lat' dir='ltr'>Muschkin</span> <span class='ocrx_word' id='word_1_200' title='bbox 999 1779 1038 1817; x_wconf 91' lang='lat' dir='ltr'>in</span> <span class='ocrx_word' id='word_1_201' title='bbox 1064 1778 1201 1817; x_wconf 89' lang='lat' dir='ltr'>Willd.</span> <span class='ocrx_word' id='word_1_202' title='bbox 1227 1778 1347 1817; x_wconf 85' lang='lat' dir='ltr'>herb!</span> <span class='ocrx_word' id='word_1_203' title='bbox 1367 1777 1396 1829; x_wconf 89' lang='lat'>).</span> 
     </span>
    </p>
   </div>
   <div class='ocr_carea' id='block_1_9' title="bbox 204 1845 1901 2134">
    <p class='ocr_par' dir='ltr' id='par_1_9' title="bbox 204 1845 1901 2134">
     <span class='ocr_line' id='line_1_25' title="bbox 265 1845 1895 1895; baseline -0.001 -12"><span class='ocrx_word' id='word_1_204' title='bbox 265 1845 426 1895; x_wconf 84' lang='lat' dir='ltr'>Species</span> <span class='ocrx_word' id='word_1_205' title='bbox 449 1845 610 1884; x_wconf 88' lang='lat' dir='ltr'>floribus</span> <span class='ocrx_word' id='word_1_206' title='bbox 635 1845 786 1894; x_wconf 86' lang='lat' dir='ltr'>magnis</span> <span class='ocrx_word' id='word_1_207' title='bbox 811 1845 893 1884; x_wconf 85' lang='lat' dir='ltr'>fere</span> <span class='ocrx_word' id='word_1_208' title='bbox 922 1845 995 1886; x_wconf 87' lang='lat' dir='ltr'>Ch.</span> <span class='ocrx_word' id='word_1_209' title='bbox 1023 1847 1147 1885; x_wconf 80' lang='lat' dir='ltr'>cheiri</span> <span class='ocrx_word' id='word_1_210' title='bbox 1170 1849 1209 1884; x_wconf 82' lang='lat' dir='ltr'>et</span> <span class='ocrx_word' id='word_1_211' title='bbox 1236 1847 1420 1895; x_wconf 83' lang='lat' dir='ltr'>stigmate</span> <span class='ocrx_word' id='word_1_212' title='bbox 1445 1845 1639 1895; x_wconf 86' lang='lat' dir='ltr'>profunde</span> <span class='ocrx_word' id='word_1_213' title='bbox 1663 1846 1799 1886; x_wconf 89' lang='lat' dir='ltr'>bilobo</span> <span class='ocrx_word' id='word_1_214' title='bbox 1827 1856 1895 1883; x_wconf 89' lang='lat' dir='ltr'>no-</span> 
     </span>
     <span class='ocr_line' id='line_1_26' title="bbox 207 1904 1894 1955; baseline -0.001 -12"><span class='ocrx_word' id='word_1_215' title='bbox 207 1905 351 1955; x_wconf 85' lang='lat' dir='ltr'>tabilis,</span> <span class='ocrx_word' id='word_1_216' title='bbox 376 1905 425 1944; x_wconf 94' lang='lat' dir='ltr'>ob</span> <span class='ocrx_word' id='word_1_217' title='bbox 448 1905 630 1954; x_wconf 84' lang='lat' dir='ltr'>siliquam</span> <span class='ocrx_word' id='word_1_218' title='bbox 650 1909 762 1943; x_wconf 85' lang='lat' dir='ltr'>acute</span> <span class='ocrx_word' id='word_1_219' title='bbox 787 1909 1033 1954; x_wconf 83' lang='lat' dir='ltr'>tetragonam</span> <span class='ocrx_word' id='word_1_220' title='bbox 1058 1906 1103 1946; x_wconf 88' lang='grc' dir='ltr'>Ε.</span> <span class='ocrx_word' id='word_1_221' title='bbox 1126 1906 1281 1945; x_wconf 81' lang='lat' dir='ltr'>odorato</span> <span class='ocrx_word' id='word_1_222' title='bbox 1308 1909 1346 1944; x_wconf 87' lang='lat' dir='ltr'>et</span> <span class='ocrx_word' id='word_1_223' title='bbox 1369 1905 1549 1944; x_wconf 87' lang='lat' dir='ltr'>affinibus</span> <span class='ocrx_word' id='word_1_224' title='bbox 1574 1918 1729 1955; x_wconf 88' lang='lat' dir='ltr'>quoque</span> <span class='ocrx_word' id='word_1_225' title='bbox 1753 1904 1894 1944; x_wconf 85' lang='lat' dir='ltr'>affinis.</span> 
     </span>
     <span class='ocr_line' id='line_1_27' title="bbox 207 1961 1898 2018; baseline -0.002 -15"><span class='ocrx_word' id='word_1_226' title='bbox 207 1964 338 2003; x_wconf 82' lang='lat' dir='ltr'>Caulis</span> <span class='ocrx_word' id='word_1_227' title='bbox 370 1964 523 2013; x_wconf 87' lang='lat' dir='ltr'>pedalis</span> <span class='ocrx_word' id='word_1_228' title='bbox 560 1965 622 2002; x_wconf 89' lang='lat' dir='ltr'>vel</span> <span class='ocrx_word' id='word_1_229' title='bbox 655 1964 954 2013; x_wconf 87' lang='lat' dir='ltr'>sesquipedalis.</span> <span class='ocrx_word' id='word_1_230' title='bbox 989 1966 1138 2016; x_wconf 87' lang='lat' dir='ltr'>Siliqua</span> <span class='ocrx_word' id='word_1_231' title='bbox 1175 1971 1327 2004; x_wconf 82' lang='lat' dir='ltr'>matura</span> <span class='ocrx_word' id='word_1_232' title='bbox 1358 1977 1494 2004; x_wconf 88' lang='lat' dir='ltr'>crassa</span> <span class='ocrx_word' id='word_1_233' title='bbox 1526 1961 1699 2018; x_wconf 76' lang='lat' dir='ltr'><strong>5¹s2·4</strong></span> <span class='ocrx_word' id='word_1_234' title='bbox 1732 1965 1898 2015; x_wconf 86' lang='lat' dir='ltr'>pollices</span> 
     </span>
     <span class='ocr_line' id='line_1_28' title="bbox 205 2023 1901 2075; baseline -0.001 -14"><span class='ocrx_word' id='word_1_235' title='bbox 205 2025 325 2073; x_wconf 86' lang='lat' dir='ltr'>longa</span> <span class='ocrx_word' id='word_1_236' title='bbox 361 2024 515 2072; x_wconf 84' lang='lat' dir='ltr'>angulis</span> <span class='ocrx_word' id='word_1_237' title='bbox 553 2023 916 2075; x_wconf 83' lang='lat' dir='ltr'>glabrescentibuS‚</span> <span class='ocrx_word' id='word_1_238' title='bbox 954 2025 1104 2064; x_wconf 86' lang='lat' dir='ltr'>semina</span> <span class='ocrx_word' id='word_1_239' title='bbox 1144 2026 1317 2074; x_wconf 87' lang='lat' dir='ltr'>oblonga</span> <span class='ocrx_word' id='word_1_240' title='bbox 1353 2028 1504 2073; x_wconf 82' lang='lat' dir='ltr'>aptera.</span> <span class='ocrx_word' id='word_1_241' title='bbox 1540 2046 1600 2053; x_wconf 96' lang='lat'><strong>—</strong></span> <span class='ocrx_word' id='word_1_242' title='bbox 1625 2026 1672 2065; x_wconf 87' lang='lat' dir='ltr'>E.</span> <span class='ocrx_word' id='word_1_243' title='bbox 1701 2025 1901 2065; x_wconf 80' lang='lat' dir='ltr'>Ibericum</span> 
     </span>
     <span class='ocr_line' id='line_1_29' title="bbox 204 2081 1599 2134; baseline 0.001 -13"><span class='ocrx_word' id='word_1_244' title='bbox 204 2083 333 2122; x_wconf 88' lang='lat' dir='ltr'>Boiss.</span> <span class='ocrx_word' id='word_1_245' title='bbox 358 2086 398 2122; x_wconf 90' lang='lat' dir='ltr'>et</span> <span class='ocrx_word' id='word_1_246' title='bbox 420 2082 551 2122; x_wconf 90' lang='lat' dir='ltr'>Buhse</span> <span class='ocrx_word' id='word_1_247' title='bbox 576 2082 689 2122; x_wconf 86' lang='lat' dir='ltr'>Aufz.</span> <span class='ocrx_word' id='word_1_248' title='bbox 714 2095 752 2132; x_wconf 88' lang='lat' dir='ltr'>p.</span> <span class='ocrx_word' id='word_1_249' title='bbox 775 2081 835 2122; x_wconf 73' lang='lat'>24</span> <span class='ocrx_word' id='word_1_250' title='bbox 859 2084 972 2133; x_wconf 85' lang='lat' dir='ltr'>lapsu</span> <span class='ocrx_word' id='word_1_251' title='bbox 995 2085 1135 2124; x_wconf 86' lang='lat' dir='ltr'>calami</span> <span class='ocrx_word' id='word_1_252' title='bbox 1160 2088 1220 2123; x_wconf 85' lang='lat' dir='ltr'>est</span> <span class='ocrx_word' id='word_1_253' title='bbox 1243 2084 1288 2123; x_wconf 88' lang='lat' dir='ltr'>E.</span> <span class='ocrx_word' id='word_1_254' title='bbox 1310 2084 1527 2134; x_wconf 78' lang='lat' dir='ltr'>repandum</span> <span class='ocrx_word' id='word_1_255' title='bbox 1553 2085 1599 2123; x_wconf 89' lang='lat' dir='ltr'>L.</span> 
     </span>
    </p>
   </div>
   <div class='ocr_carea' id='block_1_10' title="bbox 710 2223 1389 2274">
    <p class='ocr_par' dir='ltr' id='par_1_10' title="bbox 710 2223 1389 2274">
     <span class='ocr_line' id='line_1_30' title="bbox 710 2223 1389 2274; baseline 0.003 -12"><span class='ocrx_word' id='word_1_256' title='bbox 710 2223 734 2246; x_wconf 42' lang='grc' dir='ltr'><strong><em>ἃ</em></strong></span> <span class='ocrx_word' id='word_1_257' title='bbox 765 2224 789 2246; x_wconf 55' lang='lat'>³*</span> <span class='ocrx_word' id='word_1_258' title='bbox 821 2223 971 2274; x_wconf 81' lang='lat' dir='ltr'>Siliqua</span> <span class='ocrx_word' id='word_1_259' title='bbox 1000 2229 1145 2264; x_wconf 84' lang='lat' dir='ltr'>exacte·</span> <span class='ocrx_word' id='word_1_260' title='bbox 1170 2228 1389 2274; x_wconf 80' lang='lat' dir='ltr'>tetragona.</span> 
     </span>
    </p>
   </div>
   <div class='ocr_carea' id='block_1_11' title="bbox 609 2331 1494 2381">
    <p class='ocr_par' dir='ltr' id='par_1_11' title="bbox 609 2331 1494 2381">
     <span class='ocr_line' id='line_1_31' title="bbox 609 2331 1494 2381; baseline -0.001 -11"><span class='ocrx_word' id='word_1_261' title='bbox 609 2333 636 2380; x_wconf 76' lang='lat'><em>†</em></span> <span class='ocrx_word' id='word_1_262' title='bbox 666 2332 937 2372; x_wconf 85' lang='lat' dir='ltr'>Homotricha.</span> <span class='ocrx_word' id='word_1_263' title='bbox 961 2354 1021 2362; x_wconf 89' lang='lat'>—</span> <span class='ocrx_word' id='word_1_264' title='bbox 1045 2333 1119 2371; x_wconf 92' lang='lat' dir='ltr'>Pili</span> <span class='ocrx_word' id='word_1_265' title='bbox 1143 2344 1279 2372; x_wconf 87' lang='lat' dir='ltr'>omnes</span> <span class='ocrx_word' id='word_1_266' title='bbox 1302 2331 1494 2381; x_wconf 87' lang='lat' dir='ltr'>bipartiti.</span> 
     </span>
    </p>
   </div>
   <div class='ocr_carea' id='block_1_12' title="bbox 199 2444 1898 2738">
    <p class='ocr_par' dir='ltr' id='par_1_12' title="bbox 199 2444 1898 2738">
     <span class='ocr_line' id='line_1_32' title="bbox 258 2444 1898 2503; baseline -0.001 -13"><span class='ocrx_word' id='word_1_267' title='bbox 258 2447 316 2490; x_wconf 79' lang='lat' dir='ltr'>E.</span> <span class='ocrx_word' id='word_1_268' title='bbox 343 2446 598 2499; x_wconf 87' lang='lat' dir='ltr'>Raulini,</span> <span class='ocrx_word' id='word_1_269' title='bbox 626 2445 786 2498; x_wconf 87' lang='lat' dir='ltr'>virens,</span> <span class='ocrx_word' id='word_1_270' title='bbox 816 2446 935 2489; x_wconf 89' lang='lat' dir='ltr'>caule</span> <span class='ocrx_word' id='word_1_271' title='bbox 972 2445 1349 2503; x_wconf 62' lang='lat' dir='ltr'>{iugulato-striato</span> <span class='ocrx_word' id='word_1_272' title='bbox 1382 2444 1528 2488; x_wconf 84' lang='lat' dir='ltr'>stricte</span> <span class='ocrx_word' id='word_1_273' title='bbox 1563 2457 1751 2498; x_wconf 80' lang='lat' dir='ltr'>ramoso,</span> <span class='ocrx_word' id='word_1_274' title='bbox 1786 2444 1898 2489; x_wconf 86' lang='lat' dir='ltr'>foliis</span> 
     </span>
     <span class='ocr_line' id='line_1_33' title="bbox 199 2502 1898 2560; baseline -0.001 -12"><span class='ocrx_word' id='word_1_275' title='bbox 199 2504 335 2548; x_wconf 88' lang='lat' dir='ltr'>acutis</span> <span class='ocrx_word' id='word_1_276' title='bbox 361 2504 620 2548; x_wconf 89' lang='lat' dir='ltr'>radicalibus</span> <span class='ocrx_word' id='word_1_277' title='bbox 646 2503 1103 2559; x_wconf 85' lang='lat' dir='ltr'>oblongo-lanceolatis</span> <span class='ocrx_word' id='word_1_278' title='bbox 1130 2503 1403 2548; x_wconf 84' lang='lat' dir='ltr'>denticulatis</span> <span class='ocrx_word' id='word_1_279' title='bbox 1430 2502 1598 2546; x_wconf 84' lang='lat' dir='ltr'>caeteris</span> <span class='ocrx_word' id='word_1_280' title='bbox 1632 2510 1813 2560; x_wconf 80' lang='lat' dir='ltr'>anguste</span> <span class='ocrx_word' id='word_1_281' title='bbox 1845 2503 1898 2546; x_wconf 94' lang='lat' dir='ltr'>li-</span> 
     </span>
     <span class='ocr_line' id='line_1_34' title="bbox 200 2560 1898 2621; baseline -0.001 -15"><span class='ocrx_word' id='word_1_282' title='bbox 200 2562 404 2606; x_wconf 82' lang='lat' dir='ltr'>nearibus</span> <span class='ocrx_word' id='word_1_283' title='bbox 441 2562 636 2620; x_wconf 84' lang='lat' dir='ltr'>integris,</span> <span class='ocrx_word' id='word_1_284' title='bbox 680 2561 859 2606; x_wconf 88' lang='lat' dir='ltr'>floribus</span> <span class='ocrx_word' id='word_1_285' title='bbox 894 2563 1158 2621; x_wconf 87' lang='lat' dir='ltr'>majusculis,</span> <span class='ocrx_word' id='word_1_286' title='bbox 1203 2561 1368 2619; x_wconf 91' lang='lat' dir='ltr'>siliquis</span> <span class='ocrx_word' id='word_1_287' title='bbox 1399 2560 1566 2605; x_wconf 89' lang='lat' dir='ltr'>incanis</span> <span class='ocrx_word' id='word_1_288' title='bbox 1593 2562 1803 2619; x_wconf 87' lang='lat' dir='ltr'>pedicello</span> <span class='ocrx_word' id='word_1_289' title='bbox 1829 2561 1898 2604; x_wconf 91' lang='lat' dir='ltr'>in-</span> 
     </span>
     <span class='ocr_line' id='line_1_35' title="bbox 201 2619 1898 2680; baseline 0 -16"><span class='ocrx_word' id='word_1_290' title='bbox 201 2627 390 2664; x_wconf 86' lang='lat' dir='ltr'>crassato</span> <span class='ocrx_word' id='word_1_291' title='bbox 421 2621 540 2665; x_wconf 88' lang='lat' dir='ltr'>brevi</span> <span class='ocrx_word' id='word_1_292' title='bbox 567 2620 750 2665; x_wconf 80' lang='lat' dir='ltr'>suffultis</span> <span class='ocrx_word' id='word_1_293' title='bbox 777 2620 841 2664; x_wconf 84' lang='lat' dir='ltr'>axi</span> <span class='ocrx_word' id='word_1_294' title='bbox 869 2621 1083 2680; x_wconf 87' lang='lat' dir='ltr'>adpressis</span> <span class='ocrx_word' id='word_1_295' title='bbox 1109 2621 1312 2664; x_wconf 90' lang='lat' dir='ltr'>brevibus</span> <span class='ocrx_word' id='word_1_296' title='bbox 1339 2634 1363 2663; x_wconf 91' lang='lat' dir='ltr'>a</span> <span class='ocrx_word' id='word_1_297' title='bbox 1390 2619 1482 2663; x_wconf 88' lang='lat' dir='ltr'>basi</span> <span class='ocrx_word' id='word_1_298' title='bbox 1514 2620 1566 2663; x_wconf 86' lang='lat' dir='ltr'>ad</span> <span class='ocrx_word' id='word_1_299' title='bbox 1601 2621 1765 2678; x_wconf 86' lang='lat' dir='ltr'>apicem</span> <span class='ocrx_word' id='word_1_300' title='bbox 1792 2627 1898 2664; x_wconf 86' lang='lat' dir='ltr'>atte-</span> 
     </span>
     <span class='ocr_line' id='line_1_36' title="bbox 202 2678 1897 2738; baseline -0.001 -15"><span class='ocrx_word' id='word_1_301' title='bbox 202 2679 344 2723; x_wconf 89' lang='lat' dir='ltr'>nuatis</span> <span class='ocrx_word' id='word_1_302' title='bbox 370 2678 414 2722; x_wconf 91' lang='lat' dir='ltr'>in</span> <span class='ocrx_word' id='word_1_303' title='bbox 440 2681 593 2738; x_wconf 81' lang='lat' dir='ltr'>stylum</span> <span class='ocrx_word' id='word_1_304' title='bbox 618 2679 724 2725; x_wconf 85' lang='lat' dir='ltr'>latit.</span> <span class='ocrx_word' id='word_1_305' title='bbox 755 2679 1047 2738; x_wconf 84' lang='lat' dir='ltr'>aequilongum</span> <span class='ocrx_word' id='word_1_306' title='bbox 1074 2679 1355 2732; x_wconf 87' lang='lat' dir='ltr'>abeuntibus,</span> <span class='ocrx_word' id='word_1_307' title='bbox 1395 2678 1591 2736; x_wconf 83' lang='lat' dir='ltr'>stigmate</span> <span class='ocrx_word' id='word_1_308' title='bbox 1618 2678 1802 2737; x_wconf 88' lang='lat' dir='ltr'>capitato</span> <span class='ocrx_word' id='word_1_309' title='bbox 1828 2692 1897 2722; x_wconf 87' lang='lat' dir='ltr'>re-</span> 
     </span>
    </p>
   </div>
   <div class='ocr_carea' id='block_1_13' title="bbox 202 2738 399 2794">
    <p class='ocr_par' dir='ltr' id='par_1_13' title="bbox 202 2738 399 2794">
     <span class='ocr_line' id='line_1_37' title="bbox 202 2738 399 2794; baseline -0.005 -13"><span class='ocrx_word' id='word_1_310' title='bbox 202 2744 300 2782; x_wconf 92' lang='lat' dir='ltr'>tuso</span> <span class='ocrx_word' id='word_1_311' title='bbox 327 2738 399 2794; x_wconf 64' lang='grc' dir='ltr'>(ε).</span> 
     </span>
    </p>
   </div>
   <div class='ocr_carea' id='block_1_14' title="bbox 204 2805 1897 2918">
    <p class='ocr_par' dir='ltr' id='par_1_14' title="bbox 204 2805 1897 2918">
     <span class='ocr_line' id='line_1_38' title="bbox 263 2805 1897 2861; baseline -0.001 -15"><span class='ocrx_word' id='word_1_312' title='bbox 263 2807 364 2846; x_wconf 85' lang='lat' dir='ltr'>Hab.</span> <span class='ocrx_word' id='word_1_313' title='bbox 389 2807 429 2845; x_wconf 88' lang='lat' dir='ltr'>in</span> <span class='ocrx_word' id='word_1_314' title='bbox 451 2807 696 2856; x_wconf 81' lang='lat' dir='ltr'>rupestribus</span> <span class='ocrx_word' id='word_1_315' title='bbox 719 2807 770 2846; x_wconf 81' lang='lat' dir='ltr'>ad</span> <span class='ocrx_word' id='word_1_316' title='bbox 794 2806 1049 2857; x_wconf 82' lang='lat' dir='ltr'>Gontopoura</span> <span class='ocrx_word' id='word_1_317' title='bbox 1069 2820 1183 2858; x_wconf 76' lang='lat' dir='ltr'>prov,</span> <span class='ocrx_word' id='word_1_318' title='bbox 1207 2807 1451 2856; x_wconf 90' lang='lat' dir='ltr'>Apocorona</span> <span class='ocrx_word' id='word_1_319' title='bbox 1476 2806 1602 2846; x_wconf 82' lang='lat' dir='ltr'>Cretae</span> <span class='ocrx_word' id='word_1_320' title='bbox 1633 2805 1786 2861; x_wconf 87' lang='lat' dir='ltr'>(Heldr.</span> <span class='ocrx_word' id='word_1_321' title='bbox 1812 2818 1897 2845; x_wconf 84' lang='lat' dir='ltr'>exs.</span> 
     </span>
     <span class='ocr_line' id='line_1_39' title="bbox 204 2861 1626 2918; baseline -0.001 -12"><span class='ocrx_word' id='word_1_322' title='bbox 204 2867 277 2906; x_wconf 82' lang='lat' dir='ltr'>sub</span> <span class='ocrx_word' id='word_1_323' title='bbox 300 2865 344 2905; x_wconf 87' lang='lat' dir='ltr'>E.</span> <span class='ocrx_word' id='word_1_324' title='bbox 363 2866 530 2906; x_wconf 73' lang='lat' dir='ltr'>australi</span> <span class='ocrx_word' id='word_1_325' title='bbox 554 2878 602 2905; x_wconf 80' lang='lat' dir='ltr'>ex</span> <span class='ocrx_word' id='word_1_326' title='bbox 627 2871 738 2916; x_wconf 85' lang='lat' dir='ltr'>parte</span> <span class='ocrx_word' id='word_1_327' title='bbox 754 2861 802 2918; x_wconf 68' lang='grc' dir='ltr'>ἔ),</span> <span class='ocrx_word' id='word_1_328' title='bbox 829 2867 867 2906; x_wconf 92' lang='lat' dir='ltr'>in</span> <span class='ocrx_word' id='word_1_329' title='bbox 892 2867 1091 2907; x_wconf 85' lang='lat' dir='ltr'>montibus</span> <span class='ocrx_word' id='word_1_330' title='bbox 1113 2866 1372 2917; x_wconf 87' lang='lat' dir='ltr'>Sphacioticis</span> <span class='ocrx_word' id='word_1_331' title='bbox 1395 2866 1555 2918; x_wconf 88' lang='lat' dir='ltr'>(Raulin</span> <span class='ocrx_word' id='word_1_332' title='bbox 1574 2867 1626 2915; x_wconf 82' lang='lat'>!).</span> 
     </span>
    </p>
   </div>
  </div>
 </body>
</html>
