2021 3235
857 92 938 135 491

124 189 226 226 Hab.
253 188 289 225 in
317 187 572 236 Cappadocia
602 189 651 225 ad
687 187 926 236 Euphratem
952 186 1095 238 (Auch.
1123 198 1204 225 exs.
1231 178 1345 225 520!
1367 188 1406 234 ),
1434 186 1473 223 in
1509 186 1754 233 rupestribus

65 247 114 285 ad
141 247 319 286 Marasch
344 252 382 285 et
403 248 546 285 Aintab
572 246 695 296 Syriae
720 242 901 302 (Haussk
918 240 964 297 l),
991 247 1028 284 in
1054 246 1220 295 Assyria
1242 246 1291 282 ad
1311 245 1479 282 Mendeli
1506 242 1605 296 (Noe
1623 241 1663 292 l).

122 405 180 447 D.
198 403 615 458 Talyschensis
644 401 796 457 (Boiss.
820 406 859 442 et
876 399 1013 442 Buhse
1040 399 1158 441 Aufz.
1190 412 1231 455 p.
1263 396 1338 454 34)
1367 397 1531 453 glaber,
1561 397 1754 440 caulibus

64 461 209 519 paucis
245 460 396 504 erectis
432 459 757 517 simplicissimis
783 457 943 501 foliosis
970 457 1191 510 unissoris,
1231 455 1342 499 foliis
1380 455 1637 499 radicalibus
1676 456 1755 498 sub

64 519 224 563 anthesi
264 518 490 562 emarcidis
526 518 706 561 caulinis
738 516 876 573 longis
902 515 1089 559 flaccidis
1117 517 1197 558 late
1224 514 1460 557 linearibus
1488 513 1565 556 5-7
1595 514 1754 556 ncrviis

68 578 334 630 acuminatis,
365 577 576 634 supremis
604 591 688 620 non
716 575 936 619 diminutis
965 575 1112 618 florem
1132 573 1453 631 superantibus,
1481 572 1643 629 vaginis
1661 573 1754 615 lon-

65 636 152 693 gis,
193 635 381 693 squamis
416 636 582 693 pallidis
619 633 1067 692 elliptico-lanceolatis
1095 633 1135 675 in
1165 632 1362 689 cuspides
1390 638 1577 675 setaceas
1604 632 1751 687 longas

64 694 299 752 calycinum
329 694 475 736 tubum
503 701 719 750 aequantes
747 691 992 745 attenuatis,
1022 691 1176 749 calycis
1201 690 1314 747 longi
1334 698 1512 746 anguste
1531 690 1750 747 cylindrici

64 752 260 796 dentibus
288 753 422 809 longis
450 751 729 805 acuminatis,
759 751 997 809 petalorum
1025 764 1167 806 ungue
1196 750 1443 792 subexserta
1471 749 1626 791 lamina
1657 749 1751 791 alba

64 815 387 855 ovato-cuneata
415 811 533 868 apice
562 809 912 867 profundiuscule
939 809 1109 852 dentata
1137 809 1280 865 calyce
1310 807 1433 864 triplo
1461 807 1657 850 breviore
1685 815 1746 856 26.

120 883 218 922 Hab.
244 883 282 921 in
307 883 429 932 sylvis
451 895 564 931 prov,
591 882 767 931 Talysch
790 893 904 929 supra
932 880 1077 918 Astara
1103 881 1169 918 alt.
1197 877 1334 920 5000'
1362 872 1571 931 (Buhsel).

122 950 261 989 Oaules
291 947 385 1004 ¹J2-1
411 950 583 999 pedales,
610 950 705 988 folia
729 949 882 987 caulina
907 945 1048 1001 2¹s2-5
1073 949 1238 997 pollices
1262 949 1383 996 longa
1409 943 1493 1000 1¹s2
1518 948 1611 995 lata,
1634 947 1750 995 calyx

65 1008 198 1050 14-16
223 1010 345 1047 lineas
382 1011 536 1058 longus.
563 1009 700 1046 Flores
730 1009 768 1045 in
793 1008 903 1046 caule
929 1009 1040 1046 binos
1066 1008 1185 1045 semel
1212 1011 1359 1045 tantum
1387 1008 1434 1045 cl.
1461 1007 1591 1045 Buhse
1617 1007 1749 1044 obser-

63 1070 182 1108 vavit.
206 1070 323 1108 Facie
346 1074 383 1107 et
406 1069 508 1106 foliis
532 1069 582 1107 ad
605 1069 650 1107 D.
674 1068 1035 1118 Monspessulanum
1059 1071 1094 1105 et
1117 1068 1323 1117 superbum
1349 1067 1501 1105 accedit
1523 1067 1591 1105 sed
1610 1067 1659 1104 ob
1682 1077 1748 1114 pc-

64 1128 141 1167 tala
166 1141 241 1167 non
267 1129 460 1166 fimbriata
483 1128 547 1166 hic
572 1129 685 1166 nimis
711 1128 966 1166 artificialiter
989 1128 1215 1166 collocatus.

116 1290 175 1333 D.
206 1289 486 1345 fragrans
515 1288 621 1345 (ΜΒ.
652 1289 777 1332 Taur.
808 1288 933 1332 Cauc.
968 1290 1000 1342 l,
1030 1303 1069 1346 p.
1101 1289 1175 1346 33)
1215 1304 1235 1332 c
1275 1290 1508 1332 rhizomate
1546 1289 1746 1332 indurato

60 1347 304 1403 pluricaulis
321 1382 330 1400 ‚
369 1347 562 1391 caulibus
599 1348 751 1391 erectis
788 1347 1053 1404 simplicibus
1080 1350 1145 1391 vel
1172 1362 1298 1405 parce
1326 1348 1506 1391 ramosis
1533 1348 1584 1391 ad
1612 1348 1746 1391 nodos

60 1419 169 1462 szepe
197 1405 403 1459 infractis,
432 1406 541 1448 foliis
570 1406 725 1449 strictis
752 1414 929 1462 anguste
956 1406 1188 1450 linearibus
1217 1407 1351 1450 acutis
1378 1406 1450 1451 3-5
1478 1406 1634 1449 nerviis
1661 1420 1748 1449 sca-

60 1463 147 1507 bris
176 1464 430 1507 radicalibus
458 1464 751 1517 tenuioribus,
792 1465 979 1522 squamis
1015 1466 1183 1523 pallidis
1211 1465 1552 1521 ovato-oblongis
1579 1465 1622 1508 in
1651 1479 1747 1508 cus—

59 1522 200 1579 pidem
235 1529 442 1566 setaceani
486 1523 749 1580 longiuscule
792 1524 1019 1567 attenuatis
1056 1525 1197 1582 calyce
1235 1524 1411 1568 dimidio
1458 1523 1744 1577 brevioribus,

56 1581 205 1640 calycis
231 1581 429 1625 dentibus
457 1582 716 1635 lanceolatis,
747 1582 902 1625 lamina
930 1583 1025 1626 alba
1052 1584 1354 1626 roseo-suffusa
1382 1584 1561 1626 obovata
1587 1583 1630 1625 in
1648 1583 1748 1625 den-

56 1646 117 1683 tes
144 1647 289 1683 acutos
315 1640 665 1697 profundiuscule
693 1640 825 1684 incisa
852 1641 989 1699 calyce
1018 1643 1256 1699 quadruplo
1284 1642 1478 1686 breviore
1505 1650 1566 1691 26.
1598 1642 1651 1684 D.
1673 1642 1746 1684 Lz'-

57 1698 363 1742 boschitzianus
390 1699 555 1742 Hohen.
587 1699 739 1742 Enum.
771 1699 926 1743 Elisab.
958 1701 1012 1743 ΝΟ
1039 1700 1124 1744 ‘232
1152 1715 1236 1744 non
1264 1700 1353 1744 Ser.

111 1770 216 1808 Hab.
253 1771 291 1807 in
322 1771 514 1809 fruticetis
549 1772 766 1820 subalpinis
795 1770 959 1809 Caucasi
991 1773 1310 1821 septentrionalis
1348 1773 1395 1809 ad
1422 1772 1621 1810 Nartzana
1647 1772 1746 1809 etin

55 1833 186 1867 monte
210 1830 408 1869 Beschtau
433 1829 651 1882 (O.A.M!),
680 1831 718 1868 in
740 1831 879 1870 Iberiae
902 1836 1033 1869 monte
1058 1831 1183 1869 Sarial
1210 1831 1369 1881 (Hohl).
1396 1831 1454 1869 Fl.
1478 1836 1562 1870 aest.

113 1899 242 1939 Caulis
266 1899 323 1939 1-
343 1897 427 1954 1¹s2
452 1902 618 1950 pedalis,
645 1902 784 1940 Differt
805 1915 827 1940 a
850 1902 898 1942 D.
928 1902 1241 1942 Lz'boschz'tziano
1267 1904 1376 1941 caule
1403 1904 1612 1951 elongato⁷
1640 1902 1748 1940 foliis

53 1960 211 2006 strictis,
239 1961 374 2009 calyce
398 1961 575 2009 pollicari
603 1965 641 1999 et
665 1961 804 2010 petalis
827 1967 939 2000 acute
967 1963 1438 2001 subfimbriato-dentatis.

112 2125 135 2148 ἥ
166 2125 189 2147 '³⁹
222 2126 359 2164 Flores
383 2126 602 2165 fasciculati
628 2126 755 2164 rarius
780 2129 819 2164 et
841 2127 1018 2164 anomale
1042 2126 1207 2164 solitarii
1230 2126 1334 2164 foliis
1366 2127 1557 2174 supremis
1581 2127 1670 2164 latis

669 2195 856 2233 scariosis
880 2195 1126 2234 involucrati.

113 2332 172 2375 D.
207 2332 664 2387 stenocephalus
692 2330 844 2387 (Boiss.
875 2330 1025 2387 Diagn.
1058 2330 1148 2374 Ser.
1181 2332 1212 2384 Ι,
1245 2331 1277 2385 l,
1307 2345 1348 2388 p.
1381 2331 1473 2388 19),
1502 2331 1593 2375 basi
1621 2331 1746 2374 indu-

57 2396 196 2443 ratus,
235 2390 426 2432 caulibus
463 2389 614 2433 erectis
651 2388 770 2432 elatis
808 2388 1071 2446 simplicibus
1100 2390 1178 2432 sub
1204 2390 1315 2433 lente
1352 2390 1595 2447 pruinosis,
1635 2389 1746 2433 foliis

57 2447 259 2505 elongatis
286 2454 463 2504 anguste
490 2447 724 2491 linearibus
751 2447 884 2491 acutis
911 2447 1125 2491 trinerviis
1162 2448 1394 2502 scabridis,
1437 2448 1588 2505 vagina
1615 2448 1746 2492 caulis

57 2506 184 2550 diam.
216 2506 340 2563 triplo
367 2506 568 2562 longiori,
598 2506 778 2550 floribus
806 2505 878 2550 1-:3
896 2514 1010 2550 arcte
1029 2507 1302 2561 fasciculatis,
1332 2507 1520 2564 squamis
1549 2507 1747 2550 subsenis

57 2564 296 2609 Stramineis
328 2564 522 2620 oblongis
565 2565 608 2608 in
651 2565 870 2622 cuspidem
913 2565 1153 2608 subulatam
1195 2567 1379 2624 calycem
1423 2566 1745 2623 subaequantem

57 2623 280 2667 attenuatis
298 2659 308 2678 ,
346 2623 500 2681 calycis
535 2624 689 2681 pallide
726 2623 946 2667 straminei
974 2624 1172 2668 dentibus
1199 2625 1443 2668 lanceolatis
1471 2624 1742 2676 acuminatis,

57 2680 210 2725 lamina
236 2682 328 2725 alba
355 2682 746 2738 oblongo-cuneata
772 2682 891 2739 apice
919 2682 1088 2725 dentata
1117 2684 1256 2741 calyce
1284 2684 1523 2740 quadruplo
1558 2682 1744 2726 breviori

67 2746 124 2789 26.
155 2740 208 2783 D.
241 2741 488 2798 macrolepz's
516 2740 641 2784 Fenzl
668 2742 711 2784 in
739 2741 795 2798 pl.
828 2741 998 2783 Kotsch.
1031 2756 1116 2784 exs.
1148 2741 1262 2785 4845
1289 2756 1375 2785 non
1403 2741 1535 2785 Boiss.

115 2811 215 2850 Hah.
242 2813 278 2850 in
304 2812 440 2851 Persia
466 2813 701 2851 occidentali
728 2809 869 2868 (Auch.
896 2824 978 2850 exs.
1011 2810 1097 2852 527
1114 2814 1164 2865 !)‚
1191 2815 1227 2852 in
1251 2815 1411 2863 planitie
1437 2814 1577 2852 Hakan
1603 2814 1744 2852 montis

59 2870 275 2910 Kuhdaena
299 2872 442 2910 Persiae
466 2877 585 2911 austr.
616 2872 695 2925 (Ky
723 2884 804 2912 exs.
830 2868 918 2912 689
934 2867 977 2923 ἕ).
