2021 3235
908 149 964 193 65

148 245 249 284 Hab.
273 245 313 283 in
336 244 509 284 dumosis
525 245 719 284 umbrosis
737 245 860 295 Syriae
882 246 933 284 ad
949 246 1104 296 Aleppo
1123 246 1287 301 (Labilll
1312 251 1390 300 Ky.
1409 264 1490 290 exs.
1516 251 1623 292 242!
1644 254 1772 294 Auch.

89 317 171 344 exs.
196 303 309 355 650,
335 305 385 342 ad
406 304 655 343 Antiochiam
678 305 809 354 (Boiss
824 304 865 356 !),
884 305 922 343 in
937 307 1169 354 graminosis
1192 309 1241 346 ad
1266 309 1408 349 Aintab
1429 310 1604 361 (Haussk
1619 313 1646 363 1)
1667 315 1771 352 circa

90 364 274 403 Sidonem
298 362 419 417 (Bit),
446 365 484 402 in
510 364 737 402 Antilibano
761 364 809 402 ad
830 365 980 402 Bludan
1013 365 1108 416 (Ky.
1130 378 1212 405 exe.
1241 366 1355 409 1855
1386 376 1429 407 n⁰
1455 370 1614 422 112i),
1642 374 1677 409 in
1703 374 1772 410 Pa-

89 423 232 463 lestina
254 425 303 462 ad
325 424 641 473 Hierosolymam
659 422 818 474 (Rothz)
845 428 883 462 et
905 425 943 461 in
969 424 1135 464 Galilaea
1158 425 1289 476 (Boiss
1305 429 1348 479 l).
1374 429 1432 467 Fi.
1451 430 1542 469 Mai.
1566 432 1653 469 Jun.

629 576 845 625 NIGELLA
881 576 944 638 (L.
983 577 1079 626 Gen.
1117 578 1233 640 685).

146 704 268 763 Calyx
309 703 337 747 5
376 705 544 761 sepalus
590 704 853 762 petaloideus
880 704 1086 748 deciduus
1114 707 1271 750 corolla
1300 707 1451 763 major.
1482 708 1622 752 Petala
1650 723 1775 766 parva

87 764 362 819 unguiculata
402 763 602 807 bilahiata
649 762 762 806 labio
807 763 1008 807 exteriori
1049 764 1180 808 bifido
1232 765 1321 809 basi
1365 767 1482 809 fovea
1523 769 1775 811 nectarifera

88 822 241 865 obsito.
271 821 460 879 Carpella
486 821 594 865 5-10
621 823 715 879 plus
742 821 885 864 minus
912 823 993 865 alte
1020 823 1171 866 coalita
1198 826 1302 881 stylo
1338 825 1465 880 longo
1501 826 1771 869 rostril'oriui.

87 907 144 911 —
171 881 324 947 Herbae
351 895 522 934 annuae,
550 880 662 924 foliis
689 880 753 924 bis
769 881 834 923 vel
853 887 916 923 ter
942 880 1236 937 pinnatisectis
1264 883 1427 926 laciniis
1455 884 1689 928 linearibus
1713 887 1774 927 vel

89 946 286 984 setacels.

146 1082 271 1125 SEGT.
303 1082 335 1125 l.
366 1094 640 1126 NIGELLARIA.
679 1094 748 1125 Dc.
783 1081 929 1124 Florcs
966 1082 1292 1125 coerulescentes.
1332 1081 1533 1140 Carpclla
1564 1085 1637 1126 vix
1667 1098 1777 1127 com-

379 1155 525 1198 pressa
569 1141 618 1184 in
656 1140 878 1197 capsulam
913 1141 1344 1197 quinquelocularam
1385 1143 1484 1198 plus
1516 1143 1658 1185 ‘miras
1695 1144 1777 1185 alte

380 1205 578 1253 connata,
611 1199 775 1243 semina
806 1199 1173 1256 ovato-anqulata.

149 1326 212 1369 N.
254 1326 538 1382 segetalis
571 1324 674 1382 (ΜΒ.
705 1324 835 1367 Taur.
866 1323 992 1368 Cauc.
1024 1324 1083 1377 ΙΙ,
1114 1339 1154 1381 p.
1185 1324 1266 1378 16;
1297 1325 1376 1378 ΙΙΙ,
1407 1339 1446 1382 p.
1478 1325 1586 1381 874)
1612 1325 1773 1379 viridis,

91 1385 210 1427 caule
238 1391 380 1428 erecto
407 1383 551 1427 stricte
578 1383 857 1442 corymboso,
893 1383 1058 1426 laciniis
1086 1383 1282 1427 foliorum
1321 1383 1572 1438 linearibus,
1600 1385 1777 1427 floribus

87 1443 245 1500 parvis,
275 1443 427 1500 sepalis
453 1442 613 1499 glabris
639 1441 831 1486 obovatis
858 1441 1020 1485 obtusis
1047 1442 1137 1485 basi
1166 1442 1345 1499 abrupte
1363 1443 1589 1486 attenuatis
1607 1444 1776 1486 tandem

89 1501 441 1559 deflexo-patulis,
470 1501 620 1558 petalis
647 1500 844 1558 stipitatis
871 1500 1063 1544 cuneatis
1090 1515 1216 1558 parce
1244 1500 1413 1544 hirtulis
1440 1501 1551 1545 labio
1579 1501 1775 1544 exteriori

89 1560 290 1617 bipartito
316 1560 424 1604 lobis
450 1559 493 1603 in
520 1560 696 1603 lacinias
728 1559 913 1603 lineares
941 1559 1060 1616 apice
1087 1561 1263 1603 callosas
1291 1559 1542 1614 attenuatis,
1570 1560 1682 1602 labio
1710 1560 1774 1602 in-

90 1618 237 1662 feriori
278 1619 343 1663 vix
383 1617 569 1662 breviori
605 1618 1005 1672 lineari-subulam,
1044 1618 1233 1661 antheris
1274 1617 1550 1671 submuticis,
1581 1618 1777 1675 carpellis

91 1678 218 1721 dorso
245 1677 484 1721 rotundatis
503 1677 693 1734 augustis
720 1676 883 1720 minute
900 1677 1178 1720 tuberculatis
1205 1676 1248 1719 in
1275 1677 1492 1733 capsulam
1529 1676 1777 1719 obconicam

91 1737 144 1780 ad
173 1736 226 1794 ²l³
260 1736 408 1793 longit.
450 1736 679 1790 concretis,
721 1734 885 1780 semine
912 1741 1033 1779 acute
1061 1735 1268 1792 triquetro
1294 1735 1411 1778 brevi
1437 1734 1569 1778 nitido
1596 1742 1776 1792 punctu-

91 1796 173 1839 lato
204 1801 269 1848 Θ.
301 1795 353 1839 N.
381 1795 536 1838 bicolor
560 1794 694 1838 Boiss.
726 1801 767 1838 et
793 1794 938 1837 Heldr.
970 1794 1119 1851 Diagn.
1150 1793 1238 1837 Ser.
1272 1793 1304 1836 Ι.
1334 1793 1424 1836 VII.
1455 1807 1496 1850 p.
1529 1792 1569 1835 7.

151 1866 256 1905 Hab.
297 1867 335 1903 in
366 1866 479 1904 cultis
514 1865 712 1904 derelictis
737 1867 776 1904 et
811 1865 976 1903 collibus
1000 1865 1105 1902 Asiae
1142 1865 1301 1902 minoris
1332 1863 1383 1901 ad
1404 1862 1559 1901 Koniah
1587 1862 1776 1913 (Heldrl)

93 1925 198 1965 circa
232 1925 440 1964 Safranbol
473 1929 511 1963 et
534 1924 698 1974 Angora
720 1923 853 1975 (Wied
869 1924 909 1975 l),
938 1923 1194 1973 Cappadocia
1218 1920 1360 1975 (Ball),
1386 1922 1572 1961 Armenia
1591 1922 1641 1960 ad
1664 1921 1777 1959 Erze-

93 1997 178 2023 rum
221 1988 260 2024 et
283 1983 620 2034 Baibout,(0a1v!
644 1983 834 2035 Boni-gl),
861 1983 1011 2022 Tauria
1049 1982 1192 2034 (MR),
1218 1982 1363 2021 Persiae
1397 1983 1481 2021 bor.
1508 1993 1619 2030 prov,
1658 1980 1779 2018 Ader-

95 2044 233 2094 bidjan
256 2043 442 2096 (Szowl).
467 2043 527 2082 Fl.
553 2047 638 2083 aest.

150 2110 196 2165 β.
227 2107 432 2163 Armena,
450 2107 616 2151 laciniae
642 2106 911 2164 angustiores
935 2105 1309 2159 lineari-setaceae,
1329 2105 1470 2162 planta
1496 2103 1699 2147 strictior.
1722 2102 1775 2145 N.

93 2181 316 2212 verrucosa
341 2166 384 2211 C.
416 2166 532 2210 Koch
559 2166 684 2210 Linn.
721 2164 805 2209 XV.
842 2179 882 2223 p.
914 2164 1015 2208 246.
1047 2163 1102 2208 N.
1134 2164 1324 2207 Armeno
1349 2163 1458 2206 Stev.
1494 2162 1599 2205 Bull.
1647 2161 1776 2216 Mosq.

95 2225 225 2270 4840.
256 2226 308 2269 ΙΙ.
339 2239 380 2282 p.
411 2224 511 2268 274.
542 2225 596 2269 Ν.
617 2224 894 2282 foeniculacea
921 2223 1089 2267 Hohen.
1113 2236 1198 2266 exs.
1223 2221 1338 2265 1842
1364 2235 1449 2264 non
1476 2232 1543 2264 Dc.

162 2298 264 2337 Hab.
289 2297 329 2335 in
351 2295 538 2336 Armenia
559 2297 729 2337 Rossica
745 2295 904 2347 (Kochl
938 2294 1088 2345 Stevl),
1111 2294 1308 2334 Kaehetia
1328 2292 1504 2344 (Hohenl
1518 2291 1546 2342 ).

156 2363 250 2403 Flos
273 2363 390 2403 diam.
417 2360 491 2403 7-8
530 2363 597 2401 lin.
633 2363 750 2401 latus.
775 2361 947 2411 Capsula
967 2358 1044 2401 6-8
1075 2360 1141 2399 lin.
1166 2360 1286 2410 longa
1311 2358 1449 2398 rostris
1474 2354 1781 2404 erecto-patulis.

167 2501 231 2545 N.
277 2502 556 2546 arvensis
595 2501 666 2555 (L.
710 2500 779 2558 Sp.
826 2498 928 2557 753)
971 2498 1125 2556 sepalis
1167 2497 1298 2541 ovatis
1331 2494 1582 2540 acuminatis
1623 2492 1783 2550 glabris

97 2558 276 2618 abrupte
317 2566 358 2603 et
382 2560 508 2616 longe
536 2559 732 2617 stipitatis
758 2558 851 2602 basi
879 2556 1107 2601 attenuatis
1125 2558 1187 2606 vel
1215 2554 1497 2607 subcordatis,
1526 2551 1674 2618 petalis
1692 2551 1784 2616 bre-

95 2617 204 2661 viter
235 2617 434 2675 stipitatis
459 2617 574 2662 labio
601 2616 802 2662 exteriori
828 2616 1033 2674 bipartito
1060 2616 1152 2672 plus
1180 2614 1321 2657 minus
1348 2612 1461 2656 hirto
1488 2611 1596 2676 ¹9b¹.s
1623 2624 1666 2675 in
1683 2610 1784 2674 laci·-

96 2675 189 2720 nias
214 2676 398 2720 lineares
438 2677 589 2721 breves
631 2676 751 2735 apice
779 2676 957 2719 callosas
992 2673 1221 2718 attenuatis
1247 2671 1359 2715 labio
1388 2670 1580 2735 inferlori
1609 2668 1785 2711 dimidio

95 2735 283 2778 breviori
310 2749 331 2778 e
358 2735 449 2778 basi
475 2736 558 2779 lata
592 2734 764 2789 lineari,
793 2733 982 2777 antheris
1008 2730 1287 2784 mucronatis‚
1317 2729 1512 2786 carpellis
1539 2726 1783 2790 dorsosul-

98 2793 202 2837 catis
228 2792 422 2837 elevatim
449 2793 678 2837 tricostatis
711 2793 764 2837 ad
793 2792 848 2851 Ἄ
885 2790 1165 2848 longitudinis
1205 2789 1248 2831 in
1286 2788 1500 2845 capsulam
1535 2785 1784 2850 ohcomcam

96 2851 313 2907 connexis,
343 2852 492 2896 rostris
519 2853 704 2905 carpella
729 2850 1002 2909 aequantibus
1028 2849 1091 2892 vel
1121 2847 1416 2899 brevioribus,
1444 2843 1681 2887 seminlbus
1709 2848 1784 2883 tri-

1489 2933 1512 2969 5
