2021 3235
1055 10 1141 55 830

312 111 409 149 Hab.
441 112 479 148 in
497 110 663 149 collibus
680 108 972 157 Mesopotamiae
989 109 1038 145 ad
1055 107 1337 156 Karadjadagh
1358 119 1492 146 versus
1517 107 1726 146 Diarbekir
1753 106 1835 157 (Ky
1855 120 1934 147 exs.

255 168 367 210 1701
398 171 435 207 in
461 170 581 208 Hert).
610 170 693 207 Mus
719 167 920 218 Vindob.).

312 340 373 382 A.
401 340 839 394 lasiocalycina‚
868 337 1055 381 tenuiter
1081 343 1123 380 et
1158 336 1337 394 sparsim
1370 335 1635 388 tomentella,
1665 334 1857 378 caulibus
1885 342 1938 378 te-

254 396 427 449 nuibus,
457 397 555 440 folia
582 396 922 440 membranaceis
948 395 1184 439 virentibus
1210 395 1361 453 amplis
1378 393 1625 438 orbiculatis
1642 393 1738 437 sinu
1764 401 1940 449 angusto

254 455 437 499 cordatis
463 456 613 498 obtuse
642 454 712 498 7-9
739 455 846 498 lobis
864 455 1073 512 profunde
1091 452 1488 505 crenato-denlatiS,
1518 466 1686 496 racemo
1702 451 1820 495 brevi
1837 465 1939 508 pau-

254 513 402 558 cissoro
430 514 697 571 subaphyllo,
727 513 906 556 floribus
932 512 1117 556 breviter
1145 511 1455 569 pedunculatis,
1484 511 1703 553 involucro
1719 511 1940 567 calyceque

254 574 394 629 patule
412 572 569 615 villosis
587 572 751 615 laciniis
779 571 1041 625 lanceolatis,
1071 570 1274 628 calyeinis
1301 569 1671 626 sublongioribus‚
1699 567 1849 626 petalis
1876 582 1941 612 re-

254 631 359 673 tusis
387 631 633 687 sulphureis
653 631 715 673 vel
730 630 888 687 pallide
915 630 1059 684 luteis,
1087 629 1284 687 carpellis
1311 629 1502 685 undique
1530 628 1595 670 vel
1622 642 1744 671 secus
1770 627 1941 670 dorsum

255 689 443 732 medium
462 688 586 731 hirtis
603 689 817 745 rugulosis
835 689 963 732 dorso
979 687 1241 746 planissimis
1258 686 1453 744 margine
1471 685 1763 738 acutiusculis,
1783 685 1943 730 semine

255 748 344 791 laevi
374 747 638 790 extremitate
667 747 893 791 radiculari
921 747 1035 791 hirto
1070 755 1108 797 26
1125 782 1132 789 .

313 819 413 856 Hab.
437 818 488 855 ad
518 817 634 866 Tang
658 829 776 866 supra
807 815 949 856 Musch
974 816 1169 855 Armentae
1200 815 1335 853 merid.
1357 815 1437 865 (Ky
1462 826 1545 853 exs.
1574 814 1712 863 Suppl.
1738 811 1845 853 455!
1872 816 1942 854 sub

254 877 298 916 A.
325 876 622 926 Hohenackeri).

314 939 427 983 Folia
453 946 569 982 diam.
594 943 875 992 semipedalia,
898 943 1017 981 flores
1041 942 1174 991 ampli.
1201 939 1342 980 Affinis
1365 940 1411 980 A.
1432 945 1689 1003 epicrocarpae
1714 940 1784 979 sed
1818 941 1945 978 caules

256 1006 466 1053 tenuiores,
490 1004 585 1042 folia
608 1002 755 1052 amplia
779 1002 968 1051 tenuiora,
993 1002 1110 1051 calyx
1134 1002 1266 1050 patule
1286 1000 1467 1051 hispidus
1492 1003 1669 1039 lineatus.

314 1167 377 1210 A.
405 1163 898 1215 Hausskneohtii,
942 1162 1098 1219 pallide
1134 1161 1277 1205 virens
1313 1161 1497 1205 breviter
1531 1167 1818 1205 tomentosum
1859 1174 1947 1205 sca-

257 1226 404 1278 brum,
432 1223 552 1267 caule
580 1223 778 1277 elongato
804 1221 848 1269 in
874 1234 1091 1264 racemum
1117 1221 1247 1265 dense
1278 1220 1516 1264 floriferum
1547 1221 1721 1277 longum
1753 1219 1945 1263 foliosum

257 1283 448 1335 abeunti,
477 1281 588 1325 foliis
614 1279 1065 1324 cordato-orbiculatis
1091 1279 1241 1323 obtuse
1267 1278 1344 1322 5-7
1373 1279 1507 1333 lobis,
1543 1278 1794 1336 pedunculis
1822 1278 1943 1321 infer.

260 1341 390 1400 calyci
413 1339 672 1398 aequilongis
693 1338 996 1396 superioribus
1022 1337 1286 1382 brevissimis
1302 1373 1312 1392 ,
1348 1338 1555 1382 involucri
1582 1337 1689 1381 lobis
1716 1337 1946 1394 triangula-

261 1401 381 1444 ribus
407 1399 549 1457 calyce
576 1398 704 1456 triplo
731 1396 1016 1452 brevioribus,
1045 1397 1200 1456 calycis
1227 1396 1395 1441 lac-iniis
1422 1396 1668 1440 lanceolatis
1697 1396 1847 1449 acutiS,
1875 1409 1946 1453 pe·

259 1460 353 1504 talis
388 1458 543 1502 bilobis
578 1457 700 1514 longe
738 1453 1024 1514 unguiculatis
1061 1457 1226 1500 intense
1262 1455 1816 1512 violaceo-nigricantibus‚
1855 1468 1947 1498 ear-

259 1518 381 1577 pellis
387 1552 475 1561 .....
516 1525 578 1567 26.

320 1591 422 1629 Hab.
441 1589 543 1627 inter
564 1591 720 1637 segetes
742 1588 793 1625 ad
817 1587 1072 1631 Tcharmelik
1096 1586 1220 1636 Syriae
1242 1587 1328 1626 bor.
1352 1584 1576 1639 (Hausskl).

318 1657 479 1698 Racemi
502 1649 578 1696 2-5'
602 1654 789 1704 pedales,
829 1655 945 1703 calyx
971 1665 1115 1702 parvus
1138 1652 1216 1694 6-7
1240 1653 1364 1692 lineas
1386 1654 1698 1702 tantumlongus
1714 1684 1722 1699 ,
1762 1653 1894 1700 petala
1922 1649 1948 1690 2

261 1719 426 1767 pollices
447 1717 567 1766 longa
587 1714 720 1753 colore
743 1713 1047 1763 elegantissima.
1072 1713 1236 1763 Species
1258 1712 1385 1752 fructu
1409 1712 1541 1761 ignoto
1567 1713 1696 1763 quoad
1719 1712 1943 1750 affinitatem

262 1778 392 1826 dubia,
416 1774 464 1817 A.
494 1773 766 1814 microchitoni
788 1774 980 1822 proxima,
1001 1772 1070 1810 sed
1094 1773 1359 1812 indumentum
1383 1772 1594 1823 diversum,
1620 1773 1734 1821 calyx
1761 1771 1939 1820 lineatus,

263 1838 396 1887 petala
419 1836 574 1885 longius
600 1833 865 1882 unguiculata.

738 1995 768 2048 †
799 1995 831 2047 †
862 1994 1020 2045 Calycis
1042 1995 1194 2034 laciniae
1218 2006 1296 2033 non
1319 1995 1485 2033 lineatae,

320 2137 383 2181 A.
410 2138 802 2192 apterocarpa
836 2131 984 2189 (Fenzl
1017 2130 1105 2175 Cat.
1136 2130 1258 2174 Hort.
1288 2130 1469 2174 vindob.
1506 2128 1620 2174 1858
1658 2130 1736 2174 sub
1768 2130 1952 2188 Althaea)

263 2195 464 2253 adpresse
505 2199 744 2237 tomentosa
783 2204 1042 2243 canescens,
1086 2191 1206 2233 caule
1248 2190 1356 2233 elato
1398 2189 1440 2232 in
1470 2202 1686 2232 racemum
1715 2190 1954 2245 elongatum

263 2255 403 2297 laxum
446 2251 601 2310 saepius
643 2250 857 2308 aphyllum
893 2247 1095 2302 abeunti,
1139 2248 1250 2292 foliis
1289 2247 1766 2292 cordato-orbiculatis
1808 2247 1954 2290 obtuse

229 2312 233 2315 ”
263 2309 582 2370 quinquelobis,
594 2308 773 2353 floribus
789 2307 977 2351 breviter
986 2306 1296 2365 pedunculatis‚
1312 2306 1519 2350 involucri
1532 2306 1770 2364 calycisque
1783 2305 1951 2349 laciniis

265 2369 511 2415 lanceolatis
546 2368 681 2412 acutis
721 2367 837 2410 hisce
874 2367 999 2424 paulo
1035 2365 1097 2408 vel
1124 2365 1278 2409 triente
1305 2364 1598 2420 longioribus,
1639 2364 1789 2422 petalis
1826 2363 1954 2407 roseis

265 2430 331 2473 vel
355 2427 601 2487 purpureis,
630 2425 825 2483 carpellis
854 2422 1146 2482 rugosissimis
1172 2425 1225 2468 ad
1255 2424 1443 2467 medium
1471 2423 1648 2467 dorsum
1675 2423 1863 2466 obsolete
1889 2436 1954 2466 ca-

268 2487 545 2532 naliculatum
572 2485 694 2528 hirtis
723 2483 918 2540 margine
946 2482 1269 2537 obtusiusculis‚
1297 2481 1460 2526 semine
1487 2481 1579 2525 laevi
1617 2489 1653 2531 26
1669 2516 1676 2524 .
1709 2481 1855 2525 Tchih.
1885 2482 1952 2524 As.

270 2542 684 2656 Mukllatii'inpcoilssssus
709 2613 845 2663 Lydiae
866 2614 917 2652 ad
939 2612 1140 2662 Ephesum
1167 2612 1363 2664 (Boissl),
1398 2611 1522 2650 Cariae
1554 2605 1715 2666 (Pint),
1754 2610 1887 2659 Lyciae
1909 2608 1957 2647 ad

271 2677 424 2716 Elmalu
461 2677 631 2727 (Bourg.
658 2686 739 2712 exs.
764 2666 846 2713 96!
889 2674 961 2711 sub
984 2670 1031 2710 A.
1056 2672 1196 2722 roacd)
1212 2701 1222 2721 ,
1249 2671 1390 2710 Libani
1415 2671 1463 2709 ad
1488 2675 1722 2710 conventum
1746 2668 1954 2708 Marserkis

271 2732 390 2792 (ΒΗ).
425 2736 562 2774 Habeo
590 2734 789 2783 specimen
824 2732 1036 2771 floriferum
1062 2742 1112 2769 ex
1137 2735 1265 2770 monte
1292 2731 1510 2779 Lycabetto
1535 2730 1674 2770 Atticae
1704 2729 1853 2779 (Heldr.
1878 2739 1955 2767 exs.

276 2793 439 2848 19480,
464 2795 567 2844 quod
592 2794 665 2832 huc
687 2794 867 2841 spectare
888 2792 1056 2829 videtur.
