2021 3235
1035 102 1121 147 468

228 200 472 244 lanceolatis
498 199 647 252 acutis,
678 198 835 242 corolla
860 198 1045 242 coerulea
1072 198 1214 255 calyce
1241 197 1371 254 duplo
1399 196 1571 253 majori,
1608 197 1774 240 calcare
1802 195 1918 253 caly-

228 259 287 302 cis
315 258 620 316 appendicibus
648 257 887 301 rotundatis
914 257 1108 300 breviore
1141 261 1208 308 O.
1250 255 1295 298 V.
1318 255 1505 298 modesta
1532 268 1620 298 var.
1651 255 1922 311 grandiflora

229 318 354 361 Fenzl
382 318 485 374 Pug.
517 317 572 361 ΝΟ
598 316 668 360 39.

285 389 385 426 Hab.
411 389 448 426 in
473 387 587 437 Syria
610 386 759 425 boreali
784 387 833 424 ad
858 386 958 424 ostia
976 384 1135 423 Orontis
1157 383 1239 436 (Ky
1256 395 1338 422 exs.
1362 378 1478 439 501),
1495 385 1536 422 in
1559 384 1761 432 sylvaticis
1786 383 1917 433 regio—

225 448 285 485 nis
310 448 446 486 mediae
472 447 614 485 montis
641 446 768 485 Cassii
795 445 994 497 (Boissl),
1023 445 1060 482 in
1084 444 1227 493 pinetis
1254 441 1402 482 Ciliciae
1427 455 1547 492 supra
1570 455 1713 492 pagum
1738 442 1921 491 Aladagh

225 506 313 557 (Bal
336 508 374 556 !)‚

285 574 424 612 Caules
437 572 516 613 5-5
538 573 758 622 pollicares‚
772 573 889 610 flores
907 570 1065 620 magnit.
1091 569 1131 609 V.
1148 569 1341 608 tricolor-is
1358 582 1440 608 var.
1454 571 1648 615 arven3i8;
1667 582 1690 607 a
1711 569 1748 607 V.
1764 568 1920 607 occulta

222 634 376 682 stipulis
402 634 557 672 minutis
580 633 700 671 multo
723 632 848 670 minus
872 631 1024 676 divisis,
1049 630 1198 668 corolla
1220 630 1374 680 magna,
1401 630 1538 678 calyce
1562 642 1641 667 non
1671 629 1915 668 accrescenti

225 693 424 732 distincta.

279 849 341 892 V.
362 849 762 892 ebracteolata
787 846 932 901 (Fenzl
949 846 1011 889 Ill.
1033 846 1160 889 Taur.
1185 858 1227 901 p.
1249 842 1325 901 49)
1353 857 1484 898 nana,
1507 843 1671 887 minute
1689 843 1915 901 puberula‚

222 907 333 950 foliis
362 914 525 950 remote
552 905 782 950 crenulatis
811 905 970 948 infimis
997 902 1334 947 ovato-rotundis
1358 902 1522 946 obtusis
1539 903 1704 945 caeteris
1721 902 1917 959 oblongis

221 967 284 1009 vel
312 965 573 1019 lanceolatis,
604 964 769 1022 stipulis
796 964 997 1007 brevibus
1024 961 1470 1019 oblongo-linearibus
1497 961 1587 1004 basi
1614 961 1817 1019 utrinque
1846 962 1918 1005 1-2

220 1025 419 1077 dentatis,
457 1024 636 1068 floribus
668 1023 824 1081 parvis,
864 1022 1018 1079 sepalis
1044 1020 1205 1079 glabris
1231 1020 1481 1064 lanceolatis
1507 1019 1642 1063 acutis
1670 1021 1918 1078 appendici-

220 1083 300 1128 bus
336 1083 495 1127 lamina
530 1083 707 1127 dimidio
743 1081 1012 1125 brevioribus
1051 1081 1192 1124 calcar
1228 1079 1567 1133 occultantibus,
1608 1080 1758 1136 petalis
1798 1079 1917 1124 ssavis

220 1144 363 1201 calyce
389 1144 517 1200 paulo
544 1141 812 1198 longioribus
844 1146 909 1193 Θ.
965 1140 1010 1183 V.
1041 1140 1226 1183 modesta
1253 1152 1340 1181 var.
1367 1138 1607 1195 parviflora
1645 1138 1769 1181 Fenzl
1807 1139 1911 1196 Pug.

220 1201 276 1245 ΝΟ
302 1201 383 1246 391

276 1273 378 1312 Hab.
403 1273 442 1311 in
467 1271 594 1321 Syria,
619 1271 773 1319 Aleppo
796 1270 846 1308 ad
870 1269 1141 1319 aquaeduetum
1167 1268 1249 1320 (Ky
1274 1280 1355 1306 exs.
1383 1265 1521 1321 2601),
1546 1268 1685 1306 Beilan
1699 1269 1736 1306 in
1755 1269 1915 1318 sepibus

220 1337 260 1371 et
285 1334 391 1381 agris
415 1332 615 1370 sterilibus
641 1329 812 1384 {Haussk
830 1321 882 1382 !)‚
908 1329 1081 1368 Libanus
1106 1329 1211 1367 circa
1236 1329 1347 1366 Eden
1376 1327 1496 1380 (Gaill
1515 1328 1572 1379 !)‚
1606 1329 1645 1366 in
1669 1329 1814 1367 Persiae
1836 1330 1914 1368 bo-

217 1393 336 1430 realis
361 1391 553 1430 umbrosis
579 1391 731 1428 saxosis
756 1390 806 1428 ad
830 1389 1010 1428 Deliman
1035 1401 1146 1438 prov.
1173 1388 1420 1437 Aderbidjan
1444 1387 1631 1440 (Szowl).

278 1461 459 1499 Plantula
486 1457 563 1498 1-2
587 1459 790 1508 pollicaris
807 1471 830 1496 a
852 1459 1100 1507 praecedente
1125 1462 1267 1507 praeter
1292 1457 1425 1496 caules
1447 1456 1705 1495 brevissimos
1732 1461 1772 1495 et
1795 1457 1914 1495 flores

217 1522 345 1559 luteos
371 1520 530 1558 dimidio
557 1519 728 1557 minores
751 1518 894 1567 petalis
917 1517 1186 1566 superioribus
1213 1516 1582 1565 cuneato-oblongis
1603 1528 1676 1556 nec
1708 1517 1786 1555 late
1810 1517 1913 1556 obo-

217 1581 320 1619 vatis
345 1579 543 1619 distincta.

217 1797 414 1847 ORDO
448 1798 542 1846 XI.
575 1795 1047 1854 POLYGALEAE,
1072 1796 1205 1843 Juss.
1224 1797 1355 1843 Ann.
1383 1795 1508 1842 Mus.
1533 1794 1679 1855 XIV,
1710 1813 1757 1859 p.
1783 1793 1911 1842 586.

277 1963 424 2006 Flores
450 1961 726 2018 irregulares.
755 1958 825 2003 Cal
853 1973 877 2001 x
904 1957 1173 2016 inaequaliter
1199 1956 1225 2000 5
1252 1959 1436 2015 sepalus.
1470 1957 1635 2001 Corolla
1661 1956 1812 2014 petalis
1838 1955 1911 2000 3-5

218 2021 501 2080 inaequalibus
528 2034 625 2063 cum
654 2017 826 2062 stamini
861 2032 909 2060 us
937 2017 980 2060 in
1007 2017 1158 2060 tubum
1186 2017 1366 2060 coalitis.
1412 2016 1601 2060 Stamina
1626 2016 1911 2073 monadelpha

218 2094 403 2138 superne
431 2080 566 2122 libera
591 2079 653 2121 vel
679 2077 722 2120 in
749 2077 776 2119 2
793 2077 1027 2134 phalanges
1045 2075 1261 2132 oppositas
1279 2077 1465 2133 aequales
1483 2082 1680 2118 connata.
1710 2073 1909 2118 Ovarium

218 2140 450 2184 biloculare
485 2139 550 2181 vel
587 2136 726 2180 rarius
769 2136 923 2178 abortu
962 2134 1229 2178 uniloculare
1271 2134 1420 2178 loculis
1461 2132 1735 2187 uniovulatis,
1778 2134 1911 2191 stylus

219 2199 413 2256 simplex,
456 2197 580 2241 ovula
622 2201 842 2251 anatropa.
886 2193 1066 2236 Fructus
1099 2194 1336 2250 capsularis
1362 2194 1426 2236 vel
1453 2193 1694 2250 drupaceus
1720 2192 1910 2235 indehis-

219 2272 319 2301 cens
346 2257 410 2300 vel
436 2254 660 2300 loculicide
687 2259 760 2297 aut
786 2252 991 2310 septicide
1018 2252 1259 2296 dehiscens.
1306 2251 1478 2296 Semina
1515 2266 1537 2295 e
1574 2258 1693 2309 septo
1725 2251 1912 2308 pendula

218 2316 383 2360 arillata
411 2314 474 2372 (in
500 2312 677 2370 nostris)
706 2310 986 2355 albuminosa.
1026 2310 1212 2368 Embryo
1241 2317 1383 2355 rectus
1410 2310 1545 2354 axilis.
1575 2336 1634 2342 —
1659 2309 1813 2353 Herbae
1840 2323 1910 2353 ra-

218 2374 308 2418 rius
335 2371 591 2418 suffrutices.

770 2518 1024 2568 PoLYGALA
1054 2519 1114 2582 (ι.
1133 2519 1229 2568 Gen.
1250 2519 1368 2582 851).

276 2652 425 2710 Sepala
451 2648 721 2708 persistentia
747 2646 773 2689 2
800 2645 1008 2690 interiora
1033 2645 1198 2704 majora
1224 2646 1473 2691 alaeformia.
1503 2646 1668 2692 Corolla
1693 2648 1907 2707 tripetala‚

218 2712 405 2769 petalum
442 2707 621 2752 inferius
657 2705 797 2763 majus
832 2704 1132 2748 carinaeforme
1168 2705 1350 2749 stamina
1385 2706 1609 2750 includens
1645 2707 1707 2764 (in
1734 2708 1908 2766 nostris)

219 2771 347 2814 dorso
375 2768 502 2812 crista
528 2765 739 2810 multifida
764 2770 953 2807 auctum.
984 2764 1183 2807 Antherae
1211 2763 1237 2807 8
1255 2765 1543 2809 uniloculares
1559 2779 1666 2823 poro
1683 2767 1908 2811 dehiscen-

218 2837 297 2872 tes.
341 2827 518 2885 Capsula
553 2832 671 2882 septo
708 2821 921 2867 contrarie
955 2836 1200 2879 compressa
1234 2822 1480 2867 bilocularis
1511 2825 1736 2868 loculicide
1763 2826 1907 2869 dehis-

218 2900 333 2931 cens.
366 2884 538 2930 Semina
563 2884 729 2927 hirsuta
752 2880 845 2924 basi
871 2878 992 2924 arillo
1017 2881 1160 2924 lobato
1187 2880 1340 2925 cincta.
