<?xml version="1.0" encoding="UTF-8"?>
<!DOCTYPE html PUBLIC "-//W3C//DTD XHTML 1.0 Transitional//EN"
    "http://www.w3.org/TR/xhtml1/DTD/xhtml1-transitional.dtd">
<html xmlns="http://www.w3.org/1999/xhtml" xml:lang="en" lang="en">
 <head>
  <title>
</title>
<meta http-equiv="Content-Type" content="text/html;charset=utf-8" />
  <meta name='ocr-system' content='tesseract 3.04.00' />
  <meta name='ocr-capabilities' content='ocr_page ocr_carea ocr_par ocr_line ocrx_word'/>
</head>
<body>
  <div class='ocr_page' id='page_1' title='image "./floraorientaliss01bois_0520.png"; bbox 0 0 2021 3235; ppageno 0'>
   <div class='ocr_carea' id='block_1_1' title="bbox 1016 77 1102 122">
    <p class='ocr_par' dir='ltr' id='par_1_1' title="bbox 1016 77 1102 122">
     <span class='ocr_line' id='line_1_1' title="bbox 1016 77 1102 122; baseline -0.012 0"><span class='ocrx_word' id='word_1_1' title='bbox 1016 77 1102 122; x_wconf 74' lang='lat'>476</span> 
     </span>
    </p>
   </div>
   <div class='ocr_carea' id='block_1_2' title="bbox 215 167 1905 342">
    <p class='ocr_par' dir='ltr' id='par_1_2' title="bbox 215 167 1905 342">
     <span class='ocr_line' id='line_1_2' title="bbox 276 167 1905 222; baseline 0 -12"><span class='ocrx_word' id='word_1_2' title='bbox 276 173 375 211; x_wconf 86' lang='lat' dir='ltr'>Hab.</span> <span class='ocrx_word' id='word_1_3' title='bbox 401 174 438 210; x_wconf 89' lang='lat' dir='ltr'>in</span> <span class='ocrx_word' id='word_1_4' title='bbox 474 175 595 222; x_wconf 85' lang='lat' dir='ltr'>sylvis</span> <span class='ocrx_word' id='word_1_5' title='bbox 622 178 660 212; x_wconf 84' lang='lat' dir='ltr'>et</span> <span class='ocrx_word' id='word_1_6' title='bbox 684 174 857 212; x_wconf 86' lang='lat' dir='ltr'>dumosis</span> <span class='ocrx_word' id='word_1_7' title='bbox 883 171 1122 210; x_wconf 83' lang='lat' dir='ltr'>Macedoniae</span> <span class='ocrx_word' id='word_1_8' title='bbox 1145 174 1183 208; x_wconf 84' lang='lat' dir='ltr'>et</span> <span class='ocrx_word' id='word_1_9' title='bbox 1204 168 1385 208; x_wconf 85' lang='lat' dir='ltr'>Thraciae</span> <span class='ocrx_word' id='word_1_10' title='bbox 1409 167 1581 222; x_wconf 82' lang='lat' dir='ltr'>(Griseb)</span> <span class='ocrx_word' id='word_1_11' title='bbox 1615 173 1654 208; x_wconf 84' lang='lat' dir='ltr'>et</span> <span class='ocrx_word' id='word_1_12' title='bbox 1676 172 1841 219; x_wconf 85' lang='lat' dir='ltr'>probab.</span> <span class='ocrx_word' id='word_1_13' title='bbox 1865 173 1905 210; x_wconf 90' lang='lat' dir='ltr'>in</span> 
     </span>
     <span class='ocr_line' id='line_1_3' title="bbox 217 228 1903 283; baseline 0.001 -15"><span class='ocrx_word' id='word_1_14' title='bbox 217 230 391 279; x_wconf 74' lang='lat' dir='ltr'>Graecia,</span> <span class='ocrx_word' id='word_1_15' title='bbox 428 233 619 271; x_wconf 69' lang='lat' dir='ltr'>Anatokiae</span> <span class='ocrx_word' id='word_1_16' title='bbox 655 235 736 272; x_wconf 88' lang='lat' dir='ltr'>bor.</span> <span class='ocrx_word' id='word_1_17' title='bbox 762 234 809 270; x_wconf 69' lang='lat' dir='ltr'>ad</span> <span class='ocrx_word' id='word_1_18' title='bbox 837 232 1026 269; x_wconf 83' lang='lat' dir='ltr'>Samsoun</span> <span class='ocrx_word' id='word_1_19' title='bbox 1053 228 1271 283; x_wconf 82' lang='lat' dir='ltr'>(chihl),</span> <span class='ocrx_word' id='word_1_20' title='bbox 1295 240 1406 276; x_wconf 86' lang='lat' dir='ltr'>prov.</span> <span class='ocrx_word' id='word_1_21' title='bbox 1434 228 1659 268; x_wconf 86' lang='lat' dir='ltr'>Caucasicis</span> <span class='ocrx_word' id='word_1_22' title='bbox 1683 230 1844 279; x_wconf 86' lang='lat' dir='ltr'>(Ledeb</span> <span class='ocrx_word' id='word_1_23' title='bbox 1861 228 1903 280; x_wconf 76' lang='lat' dir='ltr'>i),</span> 
     </span>
     <span class='ocr_line' id='line_1_4' title="bbox 215 286 1202 342; baseline -0.002 -15"><span class='ocrx_word' id='word_1_24' title='bbox 215 290 408 329; x_wconf 76' lang='lat' dir='ltr'>Kaclietia</span> <span class='ocrx_word' id='word_1_25' title='bbox 431 293 479 329; x_wconf 81' lang='lat' dir='ltr'>ad</span> <span class='ocrx_word' id='word_1_26' title='bbox 505 293 738 331; x_wconf 74' lang='lat' dir='ltr'>Marienteld</span> <span class='ocrx_word' id='word_1_27' title='bbox 764 291 921 340; x_wconf 90' lang='lat' dir='ltr'>(Hohen</span> <span class='ocrx_word' id='word_1_28' title='bbox 940 286 985 342; x_wconf 78' lang='lat' dir='ltr'>l).</span> <span class='ocrx_word' id='word_1_29' title='bbox 1011 290 1070 327; x_wconf 90' lang='lat' dir='ltr'>Fl.</span> <span class='ocrx_word' id='word_1_30' title='bbox 1097 300 1202 325; x_wconf 90' lang='lat' dir='ltr'>vere.</span> 
     </span>
    </p>
   </div>
   <div class='ocr_carea' id='block_1_3' title="bbox 274 355 1159 408">
    <p class='ocr_par' dir='ltr' id='par_1_3' title="bbox 274 355 1159 408">
     <span class='ocr_line' id='line_1_5' title="bbox 274 355 1159 408; baseline -0.001 -15"><span class='ocrx_word' id='word_1_31' title='bbox 274 355 348 396; x_wconf 82' lang='lat' dir='ltr'>Ar.</span> <span class='ocrx_word' id='word_1_32' title='bbox 380 357 542 408; x_wconf 80' lang='lat' dir='ltr'>Geogr.</span> <span class='ocrx_word' id='word_1_33' title='bbox 578 360 735 408; x_wconf 88' lang='lat' dir='ltr'>Europa</span> <span class='ocrx_word' id='word_1_34' title='bbox 760 358 929 397; x_wconf 87' lang='lat' dir='ltr'>borealis</span> <span class='ocrx_word' id='word_1_35' title='bbox 954 360 993 394; x_wconf 85' lang='lat' dir='ltr'>et</span> <span class='ocrx_word' id='word_1_36' title='bbox 1018 355 1159 393; x_wconf 81' lang='lat' dir='ltr'>media.</span> 
     </span>
    </p>
   </div>
   <div class='ocr_carea' id='block_1_4' title="bbox 213 525 1904 1244">
    <p class='ocr_par' dir='ltr' id='par_1_4' title="bbox 213 525 1904 937">
     <span class='ocr_line' id='line_1_6' title="bbox 273 525 1904 588; baseline -0.004 -12"><span class='ocrx_word' id='word_1_37' title='bbox 273 533 329 575; x_wconf 92' lang='lat' dir='ltr'>P.</span> <span class='ocrx_word' id='word_1_38' title='bbox 348 533 620 588; x_wconf 68' lang='lat' dir='ltr'>vulgaris</span> <span class='ocrx_word' id='word_1_39' title='bbox 646 530 708 586; x_wconf 50' lang='lat' dir='ltr'>tL.</span> <span class='ocrx_word' id='word_1_40' title='bbox 735 529 803 585; x_wconf 84' lang='lat' dir='ltr'>Sp.</span> <span class='ocrx_word' id='word_1_41' title='bbox 835 527 956 584; x_wconf 78' lang='lat'>986),</span> <span class='ocrx_word' id='word_1_42' title='bbox 986 527 1177 570; x_wconf 88' lang='lat' dir='ltr'>caulibus</span> <span class='ocrx_word' id='word_1_43' title='bbox 1202 525 1376 581; x_wconf 74' lang='lat' dir='ltr'>virgatis</span> <span class='ocrx_word' id='word_1_44' title='bbox 1405 525 1496 568; x_wconf 88' lang='lat' dir='ltr'>basi</span> <span class='ocrx_word' id='word_1_45' title='bbox 1523 525 1904 582; x_wconf 78' lang='lat' dir='ltr'>procumbentibus</span> 
     </span>
     <span class='ocr_line' id='line_1_7' title="bbox 215 583 1900 646; baseline -0.002 -15"><span class='ocrx_word' id='word_1_46' title='bbox 215 589 312 631; x_wconf 74' lang='lat' dir='ltr'>(lein</span> <span class='ocrx_word' id='word_1_47' title='bbox 341 591 492 646; x_wconf 83' lang='lat' dir='ltr'>patulis</span> <span class='ocrx_word' id='word_1_48' title='bbox 520 590 583 632; x_wconf 81' lang='lat' dir='ltr'>vel</span> <span class='ocrx_word' id='word_1_49' title='bbox 610 588 778 639; x_wconf 75' lang='lat' dir='ltr'>erectis,</span> <span class='ocrx_word' id='word_1_50' title='bbox 807 587 916 630; x_wconf 89' lang='lat' dir='ltr'>foliis</span> <span class='ocrx_word' id='word_1_51' title='bbox 943 585 1219 628; x_wconf 89' lang='lat' dir='ltr'>inferioribus</span> <span class='ocrx_word' id='word_1_52' title='bbox 1237 583 1432 641; x_wconf 84' lang='lat' dir='ltr'>ellipticis</span> <span class='ocrx_word' id='word_1_53' title='bbox 1450 583 1616 627; x_wconf 84' lang='lat' dir='ltr'>caeteris</span> <span class='ocrx_word' id='word_1_54' title='bbox 1639 584 1900 638; x_wconf 86' lang='lat' dir='ltr'>lanceolatis,</span> 
     </span>
     <span class='ocr_line' id='line_1_8' title="bbox 214 642 1903 700; baseline -0.002 -11"><span class='ocrx_word' id='word_1_55' title='bbox 214 649 394 691; x_wconf 69' lang='lat' dir='ltr'>racemis</span> <span class='ocrx_word' id='word_1_56' title='bbox 423 647 717 690; x_wconf 70' lang='lat' dir='ltr'>terminalibus</span> <span class='ocrx_word' id='word_1_57' title='bbox 744 645 861 697; x_wconf 83' lang='lat' dir='ltr'>laxis,</span> <span class='ocrx_word' id='word_1_58' title='bbox 891 644 1073 687; x_wconf 85' lang='lat' dir='ltr'>bracteis</span> <span class='ocrx_word' id='word_1_59' title='bbox 1101 644 1151 686; x_wconf 91' lang='lat' dir='ltr'>ad</span> <span class='ocrx_word' id='word_1_60' title='bbox 1178 643 1343 700; x_wconf 90' lang='lat' dir='ltr'>apicem</span> <span class='ocrx_word' id='word_1_61' title='bbox 1372 643 1528 686; x_wconf 78' lang='lat' dir='ltr'>racemi</span> <span class='ocrx_word' id='word_1_62' title='bbox 1556 642 1779 686; x_wconf 78' lang='lat' dir='ltr'>alabastris</span> <span class='ocrx_word' id='word_1_63' title='bbox 1805 643 1903 686; x_wconf 91' lang='lat' dir='ltr'>bre-</span> 
     </span>
     <span class='ocr_line' id='line_1_9' title="bbox 215 700 1904 760; baseline -0.002 -13"><span class='ocrx_word' id='word_1_64' title='bbox 215 706 400 749; x_wconf 86' lang='lat' dir='ltr'>vioribus</span> <span class='ocrx_word' id='word_1_65' title='bbox 429 705 672 748; x_wconf 75' lang='lat' dir='ltr'>lateralibus</span> <span class='ocrx_word' id='word_1_66' title='bbox 700 703 906 760; x_wconf 76' lang='lat' dir='ltr'>pedicello</span> <span class='ocrx_word' id='word_1_67' title='bbox 934 701 1110 745; x_wconf 80' lang='lat' dir='ltr'>dimidio</span> <span class='ocrx_word' id='word_1_68' title='bbox 1128 701 1413 755; x_wconf 86' lang='lat' dir='ltr'>brevioribus,</span> <span class='ocrx_word' id='word_1_69' title='bbox 1443 701 1519 744; x_wconf 89' lang='lat' dir='ltr'>alis</span> <span class='ocrx_word' id='word_1_70' title='bbox 1537 700 1732 758; x_wconf 86' lang='lat' dir='ltr'>ellipticis</span> <span class='ocrx_word' id='word_1_71' title='bbox 1750 701 1904 744; x_wconf 84' lang='lat' dir='ltr'>triner-</span> 
     </span>
     <span class='ocr_line' id='line_1_10' title="bbox 213 759 1902 817; baseline -0.001 -13"><span class='ocrx_word' id='word_1_72' title='bbox 213 764 288 806; x_wconf 83' lang='lat' dir='ltr'>viis</span> <span class='ocrx_word' id='word_1_73' title='bbox 317 765 432 807; x_wconf 83' lang='lat' dir='ltr'>venis</span> <span class='ocrx_word' id='word_1_74' title='bbox 461 762 875 807; x_wconf 84' lang='lat' dir='ltr'>anastomosantibus</span> <span class='ocrx_word' id='word_1_75' title='bbox 904 760 1157 813; x_wconf 73' lang='lat' dir='ltr'>reticulatis,</span> <span class='ocrx_word' id='word_1_76' title='bbox 1186 759 1336 817; x_wconf 85' lang='lat' dir='ltr'>petalis</span> <span class='ocrx_word' id='word_1_77' title='bbox 1363 760 1610 803; x_wconf 76' lang='lat' dir='ltr'>lateralibus</span> <span class='ocrx_word' id='word_1_78' title='bbox 1637 759 1782 802; x_wconf 72' lang='lat' dir='ltr'>carina</span> <span class='ocrx_word' id='word_1_79' title='bbox 1809 760 1902 803; x_wconf 93' lang='lat' dir='ltr'>lon-</span> 
     </span>
     <span class='ocr_line' id='line_1_11' title="bbox 213 818 1898 879; baseline -0.001 -15"><span class='ocrx_word' id='word_1_80' title='bbox 213 822 422 874; x_wconf 63' lang='lat' dir='ltr'>gioribus,</span> <span class='ocrx_word' id='word_1_81' title='bbox 462 823 632 879; x_wconf 76' lang='lat' dir='ltr'>capsula</span> <span class='ocrx_word' id='word_1_82' title='bbox 669 821 1053 875; x_wconf 77' lang='lat' dir='ltr'>obovato-oblonga</span> <span class='ocrx_word' id='word_1_83' title='bbox 1095 819 1326 862; x_wconf 79' lang='lat' dir='ltr'>obcordata</span> <span class='ocrx_word' id='word_1_84' title='bbox 1366 818 1512 875; x_wconf 77' lang='lat' dir='ltr'>glabra</span> <span class='ocrx_word' id='word_1_85' title='bbox 1565 826 1625 867; x_wconf 71' lang='lat'>26.</span> <span class='ocrx_word' id='word_1_86' title='bbox 1672 818 1807 861; x_wconf 87' lang='lat' dir='ltr'>Rchb.</span> <span class='ocrx_word' id='word_1_87' title='bbox 1841 820 1898 876; x_wconf 90' lang='lat' dir='ltr'>pl.</span> 
     </span>
     <span class='ocr_line' id='line_1_12' title="bbox 214 880 601 937; baseline 0 -14"><span class='ocrx_word' id='word_1_88' title='bbox 214 880 313 923; x_wconf 87' lang='lat' dir='ltr'>Crit.</span> <span class='ocrx_word' id='word_1_89' title='bbox 345 881 416 937; x_wconf 77' lang='lat' dir='ltr'>fig.</span> <span class='ocrx_word' id='word_1_90' title='bbox 449 880 601 923; x_wconf 64' lang='lat'>52-53.</span> 
     </span>
    </p>

    <p class='ocr_par' dir='ltr' id='par_1_5' title="bbox 214 946 1903 1178">
     <span class='ocr_line' id='line_1_13' title="bbox 274 946 1902 999; baseline -0.002 -10"><span class='ocrx_word' id='word_1_91' title='bbox 274 951 372 989; x_wconf 92' lang='lat' dir='ltr'>Hab.</span> <span class='ocrx_word' id='word_1_92' title='bbox 398 952 434 988; x_wconf 90' lang='lat' dir='ltr'>in</span> <span class='ocrx_word' id='word_1_93' title='bbox 473 951 595 999; x_wconf 87' lang='lat' dir='ltr'>pratis</span> <span class='ocrx_word' id='word_1_94' title='bbox 626 948 841 997; x_wconf 74' lang='lat' dir='ltr'>praesertim</span> <span class='ocrx_word' id='word_1_95' title='bbox 876 948 1047 996; x_wconf 82' lang='lat' dir='ltr'>regionis</span> <span class='ocrx_word' id='word_1_96' title='bbox 1082 950 1276 984; x_wconf 82' lang='lat' dir='ltr'>montanae</span> <span class='ocrx_word' id='word_1_97' title='bbox 1299 949 1337 983; x_wconf 90' lang='lat' dir='ltr'>et</span> <span class='ocrx_word' id='word_1_98' title='bbox 1368 946 1532 995; x_wconf 82' lang='lat' dir='ltr'>alpinae,</span> <span class='ocrx_word' id='word_1_99' title='bbox 1569 957 1680 983; x_wconf 89' lang='lat' dir='ltr'>mons</span> <span class='ocrx_word' id='word_1_100' title='bbox 1715 946 1902 985; x_wconf 87' lang='lat' dir='ltr'>Peristeri</span> 
     </span>
     <span class='ocr_line' id='line_1_14' title="bbox 214 1003 1900 1061; baseline -0.001 -15"><span class='ocrx_word' id='word_1_101' title='bbox 214 1010 451 1047; x_wconf 82' lang='lat' dir='ltr'>Macedoniae</span> <span class='ocrx_word' id='word_1_102' title='bbox 485 1005 679 1061; x_wconf 74' lang='lat' dir='ltr'>(Grisob.)</span> <span class='ocrx_word' id='word_1_103' title='bbox 699 1038 708 1053; x_wconf 94' lang='lat'>‚</span> <span class='ocrx_word' id='word_1_104' title='bbox 747 1006 892 1046; x_wconf 83' lang='lat' dir='ltr'>Olenos</span> <span class='ocrx_word' id='word_1_105' title='bbox 928 1011 965 1044; x_wconf 89' lang='lat' dir='ltr'>et-</span> <span class='ocrx_word' id='word_1_106' title='bbox 995 1007 1165 1055; x_wconf 86' lang='lat' dir='ltr'>Kyllene</span> <span class='ocrx_word' id='word_1_107' title='bbox 1200 1006 1463 1053; x_wconf 83' lang='lat' dir='ltr'>Peloponnesi</span> <span class='ocrx_word' id='word_1_108' title='bbox 1493 1006 1559 1043; x_wconf 88' lang='lat' dir='ltr'>alt.</span> <span class='ocrx_word' id='word_1_109' title='bbox 1585 1003 1900 1046; x_wconf 88' lang='lat'>6000&#39;-7000&#39;</span> 
     </span>
     <span class='ocr_line' id='line_1_15' title="bbox 216 1062 1903 1122; baseline -0.001 -16"><span class='ocrx_word' id='word_1_110' title='bbox 216 1066 365 1122; x_wconf 63' lang='lat' dir='ltr'>(Helzlr</span> <span class='ocrx_word' id='word_1_111' title='bbox 381 1062 389 1106; x_wconf 72' lang='lat' dir='ltr'>l</span> <span class='ocrx_word' id='word_1_112' title='bbox 407 1070 440 1117; x_wconf 90' lang='lat'>),</span> <span class='ocrx_word' id='word_1_113' title='bbox 480 1080 588 1106; x_wconf 89' lang='lat' dir='ltr'>mons</span> <span class='ocrx_word' id='word_1_114' title='bbox 621 1066 837 1114; x_wconf 78' lang='lat' dir='ltr'>Techdagh</span> <span class='ocrx_word' id='word_1_115' title='bbox 870 1066 1063 1104; x_wconf 86' lang='lat' dir='ltr'>Armeniae</span> <span class='ocrx_word' id='word_1_116' title='bbox 1085 1065 1264 1103; x_wconf 84' lang='lat' dir='ltr'>Turcicae</span> <span class='ocrx_word' id='word_1_117' title='bbox 1288 1062 1441 1112; x_wconf 73' lang='lat' dir='ltr'>(Hueti</span> <span class='ocrx_word' id='word_1_118' title='bbox 1460 1065 1475 1116; x_wconf 93' lang='lat'>)</span> <span class='ocrx_word' id='word_1_119' title='bbox 1492 1096 1501 1112; x_wconf 93' lang='lat'>,</span> <span class='ocrx_word' id='word_1_120' title='bbox 1533 1065 1717 1103; x_wconf 81' lang='lat' dir='ltr'>Armenia</span> <span class='ocrx_word' id='word_1_121' title='bbox 1738 1065 1903 1104; x_wconf 81' lang='lat' dir='ltr'>Rossica.</span> 
     </span>
     <span class='ocr_line' id='line_1_16' title="bbox 215 1120 967 1178; baseline -0.004 -12"><span class='ocrx_word' id='word_1_122' title='bbox 215 1120 401 1178; x_wconf 69' lang='lat' dir='ltr'>(Szowl),</span> <span class='ocrx_word' id='word_1_123' title='bbox 429 1140 540 1176; x_wconf 87' lang='lat' dir='ltr'>prov.</span> <span class='ocrx_word' id='word_1_124' title='bbox 566 1126 779 1174; x_wconf 80' lang='lat' dir='ltr'>Karabagh</span> <span class='ocrx_word' id='word_1_125' title='bbox 801 1125 904 1173; x_wconf 88' lang='lat' dir='ltr'>(Hoh</span> <span class='ocrx_word' id='word_1_126' title='bbox 924 1122 967 1172; x_wconf 77' lang='lat' dir='ltr'>I).</span> 
     </span>
    </p>

    <p class='ocr_par' dir='ltr' id='par_1_6' title="bbox 271 1191 1392 1244">
     <span class='ocr_line' id='line_1_17' title="bbox 271 1191 1392 1244; baseline -0.004 -12"><span class='ocrx_word' id='word_1_127' title='bbox 271 1193 346 1234; x_wconf 79' lang='lat' dir='ltr'>Ar.</span> <span class='ocrx_word' id='word_1_128' title='bbox 381 1200 541 1244; x_wconf 78' lang='lat' dir='ltr'>Geogr.</span> <span class='ocrx_word' id='word_1_129' title='bbox 576 1194 735 1242; x_wconf 85' lang='lat' dir='ltr'>Europa</span> <span class='ocrx_word' id='word_1_130' title='bbox 755 1193 968 1242; x_wconf 85' lang='lat' dir='ltr'>praesertim</span> <span class='ocrx_word' id='word_1_131' title='bbox 993 1192 1122 1230; x_wconf 88' lang='lat' dir='ltr'>media</span> <span class='ocrx_word' id='word_1_132' title='bbox 1148 1195 1185 1229; x_wconf 86' lang='lat' dir='ltr'>et</span> <span class='ocrx_word' id='word_1_133' title='bbox 1209 1191 1392 1229; x_wconf 88' lang='lat' dir='ltr'>borealis.</span> 
     </span>
    </p>
   </div>
   <div class='ocr_carea' id='block_1_5' title="bbox 208 1361 1900 1783">
    <p class='ocr_par' dir='ltr' id='par_1_7' title="bbox 208 1361 1900 1714">
     <span class='ocr_line' id='line_1_18' title="bbox 269 1361 1900 1422; baseline -0.004 -10"><span class='ocrx_word' id='word_1_134' title='bbox 269 1369 325 1411; x_wconf 91' lang='lat' dir='ltr'>P.</span> <span class='ocrx_word' id='word_1_135' title='bbox 345 1367 629 1422; x_wconf 80' lang='lat' dir='ltr'>alpestris</span> <span class='ocrx_word' id='word_1_136' title='bbox 657 1364 809 1421; x_wconf 86' lang='lat' dir='ltr'>(Rchb.</span> <span class='ocrx_word' id='word_1_137' title='bbox 845 1363 898 1405; x_wconf 89' lang='lat' dir='ltr'>lc.</span> <span class='ocrx_word' id='word_1_138' title='bbox 929 1363 1029 1406; x_wconf 85' lang='lat' dir='ltr'>Crit.</span> <span class='ocrx_word' id='word_1_139' title='bbox 1061 1363 1132 1419; x_wconf 80' lang='lat' dir='ltr'>fig.</span> <span class='ocrx_word' id='word_1_140' title='bbox 1163 1362 1239 1419; x_wconf 72' lang='lat'>45)</span> <span class='ocrx_word' id='word_1_141' title='bbox 1268 1361 1461 1405; x_wconf 89' lang='lat' dir='ltr'>caulibus</span> <span class='ocrx_word' id='word_1_142' title='bbox 1488 1362 1730 1405; x_wconf 85' lang='lat' dir='ltr'>numerosis</span> <span class='ocrx_word' id='word_1_143' title='bbox 1757 1362 1900 1406; x_wconf 86' lang='lat' dir='ltr'>filifor-</span> 
     </span>
     <span class='ocr_line' id='line_1_19' title="bbox 212 1420 1900 1478; baseline -0.001 -10"><span class='ocrx_word' id='word_1_144' title='bbox 212 1426 350 1468; x_wconf 87' lang='lat' dir='ltr'>mibus</span> <span class='ocrx_word' id='word_1_145' title='bbox 378 1424 732 1468; x_wconf 77' lang='lat' dir='ltr'>decumbentibus</span> <span class='ocrx_word' id='word_1_146' title='bbox 750 1458 759 1475; x_wconf 91' lang='lat'>,</span> <span class='ocrx_word' id='word_1_147' title='bbox 793 1422 904 1465; x_wconf 85' lang='lat' dir='ltr'>foliis</span> <span class='ocrx_word' id='word_1_148' title='bbox 937 1422 1126 1464; x_wconf 87' lang='lat' dir='ltr'>obovatis</span> <span class='ocrx_word' id='word_1_149' title='bbox 1154 1420 1312 1465; x_wconf 85' lang='lat' dir='ltr'>infimis</span> <span class='ocrx_word' id='word_1_150' title='bbox 1340 1420 1579 1465; x_wconf 82' lang='lat' dir='ltr'>minoribus</span> <span class='ocrx_word' id='word_1_151' title='bbox 1607 1421 1900 1478; x_wconf 88' lang='lat' dir='ltr'>superioribus</span> 
     </span>
     <span class='ocr_line' id='line_1_20' title="bbox 208 1479 1899 1541; baseline -0.002 -14"><span class='ocrx_word' id='word_1_152' title='bbox 208 1484 401 1541; x_wconf 85' lang='lat' dir='ltr'>ellipticis</span> <span class='ocrx_word' id='word_1_153' title='bbox 428 1482 579 1535; x_wconf 85' lang='lat' dir='ltr'>acutis,</span> <span class='ocrx_word' id='word_1_154' title='bbox 608 1481 789 1524; x_wconf 84' lang='lat' dir='ltr'>racemis</span> <span class='ocrx_word' id='word_1_155' title='bbox 815 1480 1112 1523; x_wconf 82' lang='lat' dir='ltr'>terminalibus</span> <span class='ocrx_word' id='word_1_156' title='bbox 1139 1480 1260 1534; x_wconf 85' lang='lat' dir='ltr'>laxis,</span> <span class='ocrx_word' id='word_1_157' title='bbox 1290 1479 1472 1523; x_wconf 84' lang='lat' dir='ltr'>bracteis</span> <span class='ocrx_word' id='word_1_158' title='bbox 1500 1479 1795 1537; x_wconf 88' lang='lat' dir='ltr'>superioribus</span> <span class='ocrx_word' id='word_1_159' title='bbox 1813 1481 1899 1524; x_wconf 89' lang='lat' dir='ltr'>ala-</span> 
     </span>
     <span class='ocr_line' id='line_1_21' title="bbox 211 1538 1900 1598; baseline -0.002 -13"><span class='ocrx_word' id='word_1_160' title='bbox 211 1543 352 1586; x_wconf 86' lang='lat' dir='ltr'>baslra</span> <span class='ocrx_word' id='word_1_161' title='bbox 388 1556 470 1584; x_wconf 89' lang='lat' dir='ltr'>non</span> <span class='ocrx_word' id='word_1_162' title='bbox 506 1540 799 1598; x_wconf 81' lang='lat' dir='ltr'>aequantibus,</span> <span class='ocrx_word' id='word_1_163' title='bbox 843 1539 918 1582; x_wconf 84' lang='lat' dir='ltr'>alis</span> <span class='ocrx_word' id='word_1_164' title='bbox 956 1539 1152 1597; x_wconf 87' lang='lat' dir='ltr'>ellipticis</span> <span class='ocrx_word' id='word_1_165' title='bbox 1181 1538 1392 1582; x_wconf 86' lang='lat' dir='ltr'>trinerviis</span> <span class='ocrx_word' id='word_1_166' title='bbox 1419 1538 1537 1581; x_wconf 89' lang='lat' dir='ltr'>venis</span> <span class='ocrx_word' id='word_1_167' title='bbox 1564 1538 1763 1582; x_wconf 79' lang='lat' dir='ltr'>obsoletis</span> <span class='ocrx_word' id='word_1_168' title='bbox 1790 1539 1900 1582; x_wconf 87' lang='lat' dir='ltr'>inter</span> 
     </span>
     <span class='ocr_line' id='line_1_22' title="bbox 211 1597 1898 1656; baseline -0.002 -12"><span class='ocrx_word' id='word_1_169' title='bbox 211 1616 254 1644; x_wconf 87' lang='lat' dir='ltr'>se</span> <span class='ocrx_word' id='word_1_170' title='bbox 282 1600 451 1653; x_wconf 84' lang='lat' dir='ltr'>liberis,</span> <span class='ocrx_word' id='word_1_171' title='bbox 481 1599 629 1656; x_wconf 87' lang='lat' dir='ltr'>petalis</span> <span class='ocrx_word' id='word_1_172' title='bbox 663 1598 907 1642; x_wconf 82' lang='lat' dir='ltr'>lateralibus</span> <span class='ocrx_word' id='word_1_173' title='bbox 944 1598 1134 1641; x_wconf 84' lang='lat' dir='ltr'>carinam</span> <span class='ocrx_word' id='word_1_174' title='bbox 1168 1597 1495 1655; x_wconf 83' lang='lat' dir='ltr'>superantibus,</span> <span class='ocrx_word' id='word_1_175' title='bbox 1530 1598 1702 1655; x_wconf 78' lang='lat' dir='ltr'>capsula</span> <span class='ocrx_word' id='word_1_176' title='bbox 1736 1598 1898 1642; x_wconf 77' lang='lat' dir='ltr'>minuta</span> 
     </span>
     <span class='ocr_line' id='line_1_23' title="bbox 209 1659 712 1714; baseline -0.006 -12"><span class='ocrx_word' id='word_1_177' title='bbox 209 1660 441 1702; x_wconf 81' lang='lat' dir='ltr'>obcordata</span> <span class='ocrx_word' id='word_1_178' title='bbox 469 1659 614 1714; x_wconf 75' lang='lat' dir='ltr'>glabra</span> <span class='ocrx_word' id='word_1_179' title='bbox 651 1666 712 1707; x_wconf 67' lang='lat'>26.</span> 
     </span>
    </p>

    <p class='ocr_par' dir='ltr' id='par_1_8' title="bbox 267 1723 1839 1783">
     <span class='ocr_line' id='line_1_24' title="bbox 267 1723 1839 1783; baseline -0.001 -15"><span class='ocrx_word' id='word_1_180' title='bbox 267 1731 367 1769; x_wconf 91' lang='lat' dir='ltr'>Hab.</span> <span class='ocrx_word' id='word_1_181' title='bbox 392 1731 429 1768; x_wconf 90' lang='lat' dir='ltr'>in</span> <span class='ocrx_word' id='word_1_182' title='bbox 452 1730 613 1778; x_wconf 85' lang='lat' dir='ltr'>regione</span> <span class='ocrx_word' id='word_1_183' title='bbox 636 1730 768 1778; x_wconf 72' lang='lat' dir='ltr'>alpina</span> <span class='ocrx_word' id='word_1_184' title='bbox 793 1729 958 1766; x_wconf 83' lang='lat' dir='ltr'>Caucasi</span> <span class='ocrx_word' id='word_1_185' title='bbox 981 1729 1236 1766; x_wconf 83' lang='lat' dir='ltr'>occidentalis</span> <span class='ocrx_word' id='word_1_186' title='bbox 1271 1727 1338 1778; x_wconf 84' lang='lat' dir='ltr'>(ex</span> <span class='ocrx_word' id='word_1_187' title='bbox 1362 1723 1606 1783; x_wconf 80' lang='lat' dir='ltr'>O.A.Mey.).</span> <span class='ocrx_word' id='word_1_188' title='bbox 1630 1727 1721 1765; x_wconf 89' lang='lat' dir='ltr'>Non</span> <span class='ocrx_word' id='word_1_189' title='bbox 1747 1728 1839 1767; x_wconf 88' lang='lat' dir='ltr'>vidi.</span> 
     </span>
    </p>
   </div>
   <div class='ocr_carea' id='block_1_6' title="bbox 205 1795 1898 2016">
    <p class='ocr_par' dir='ltr' id='par_1_9' title="bbox 205 1795 1898 2016">
     <span class='ocr_line' id='line_1_25' title="bbox 268 1795 1897 1847; baseline -0.001 -11"><span class='ocrx_word' id='word_1_190' title='bbox 268 1799 408 1836; x_wconf 84' lang='lat' dir='ltr'>Differt</span> <span class='ocrx_word' id='word_1_191' title='bbox 435 1811 457 1834; x_wconf 86' lang='lat' dir='ltr'>a</span> <span class='ocrx_word' id='word_1_192' title='bbox 502 1798 543 1836; x_wconf 83' lang='grc' dir='ltr'>Ρ.</span> <span class='ocrx_word' id='word_1_193' title='bbox 568 1797 720 1847; x_wconf 64' lang='lat' dir='ltr'>vulgari</span> <span class='ocrx_word' id='word_1_194' title='bbox 745 1797 806 1835; x_wconf 91' lang='lat' dir='ltr'>cui</span> <span class='ocrx_word' id='word_1_195' title='bbox 834 1809 857 1834; x_wconf 85' lang='lat' dir='ltr'>a</span> <span class='ocrx_word' id='word_1_196' title='bbox 880 1797 1074 1835; x_wconf 84' lang='lat' dir='ltr'>botanicis</span> <span class='ocrx_word' id='word_1_197' title='bbox 1106 1797 1303 1835; x_wconf 86' lang='lat' dir='ltr'>nonnullis</span> <span class='ocrx_word' id='word_1_198' title='bbox 1343 1796 1593 1846; x_wconf 82' lang='lat' dir='ltr'>conjungitur</span> <span class='ocrx_word' id='word_1_199' title='bbox 1633 1795 1808 1835; x_wconf 88' lang='lat' dir='ltr'>caulibus</span> <span class='ocrx_word' id='word_1_200' title='bbox 1844 1800 1897 1834; x_wconf 88' lang='lat' dir='ltr'>te-</span> 
     </span>
     <span class='ocr_line' id='line_1_26' title="bbox 207 1856 1896 1906; baseline -0.002 -10"><span class='ocrx_word' id='word_1_201' title='bbox 207 1858 405 1896; x_wconf 89' lang='lat' dir='ltr'>nuioribus</span> <span class='ocrx_word' id='word_1_202' title='bbox 428 1859 610 1906; x_wconf 78' lang='lat' dir='ltr'>pumssis,</span> <span class='ocrx_word' id='word_1_203' title='bbox 645 1858 772 1895; x_wconf 74' lang='lat' dir='ltr'>forma</span> <span class='ocrx_word' id='word_1_204' title='bbox 794 1857 995 1904; x_wconf 87' lang='lat' dir='ltr'>foliorum,</span> <span class='ocrx_word' id='word_1_205' title='bbox 1027 1857 1187 1895; x_wconf 87' lang='lat' dir='ltr'>floribus</span> <span class='ocrx_word' id='word_1_206' title='bbox 1212 1861 1250 1894; x_wconf 85' lang='lat' dir='ltr'>et</span> <span class='ocrx_word' id='word_1_207' title='bbox 1279 1856 1450 1904; x_wconf 87' lang='lat' dir='ltr'>capsulis</span> <span class='ocrx_word' id='word_1_208' title='bbox 1477 1856 1716 1904; x_wconf 90' lang='lat' dir='ltr'>minoribus,</span> <span class='ocrx_word' id='word_1_209' title='bbox 1749 1857 1896 1894; x_wconf 88' lang='lat' dir='ltr'>alarum</span> 
     </span>
     <span class='ocr_line' id='line_1_27' title="bbox 206 1916 1898 1965; baseline -0.001 -11"><span class='ocrx_word' id='word_1_210' title='bbox 206 1918 315 1955; x_wconf 86' lang='lat' dir='ltr'>venis</span> <span class='ocrx_word' id='word_1_211' title='bbox 340 1929 417 1954; x_wconf 87' lang='lat' dir='ltr'>non</span> <span class='ocrx_word' id='word_1_212' title='bbox 445 1916 839 1954; x_wconf 85' lang='lat' dir='ltr'>anastomosantibus.</span> <span class='ocrx_word' id='word_1_213' title='bbox 878 1916 920 1953; x_wconf 84' lang='grc' dir='ltr'>Ρ.</span> <span class='ocrx_word' id='word_1_214' title='bbox 946 1927 1087 1955; x_wconf 78' lang='lat' dir='ltr'>amara</span> <span class='ocrx_word' id='word_1_215' title='bbox 1114 1917 1267 1965; x_wconf 84' lang='lat' dir='ltr'>longius</span> <span class='ocrx_word' id='word_1_216' title='bbox 1293 1916 1422 1954; x_wconf 86' lang='lat' dir='ltr'>differt</span> <span class='ocrx_word' id='word_1_217' title='bbox 1444 1916 1575 1954; x_wconf 85' lang='lat' dir='ltr'>radice</span> <span class='ocrx_word' id='word_1_218' title='bbox 1601 1917 1706 1954; x_wconf 84' lang='lat' dir='ltr'>tenui</span> <span class='ocrx_word' id='word_1_219' title='bbox 1733 1919 1771 1954; x_wconf 87' lang='lat' dir='ltr'>et</span> <span class='ocrx_word' id='word_1_220' title='bbox 1795 1916 1898 1954; x_wconf 90' lang='lat' dir='ltr'>foliis</span> 
     </span>
     <span class='ocr_line' id='line_1_28' title="bbox 205 1976 868 2016; baseline -0.003 -1"><span class='ocrx_word' id='word_1_221' title='bbox 205 1977 445 2016; x_wconf 77' lang='lat' dir='ltr'>radicalibus</span> <span class='ocrx_word' id='word_1_222' title='bbox 470 1976 647 2014; x_wconf 87' lang='lat' dir='ltr'>maximis</span> <span class='ocrx_word' id='word_1_223' title='bbox 672 1976 868 2014; x_wconf 88' lang='lat' dir='ltr'>rosulatis.</span> 
     </span>
    </p>
   </div>
   <div class='ocr_carea' id='block_1_7' title="bbox 261 2044 1109 2095">
    <p class='ocr_par' dir='ltr' id='par_1_10' title="bbox 261 2044 1109 2095">
     <span class='ocr_line' id='line_1_29' title="bbox 261 2044 1109 2095; baseline 0.001 -12"><span class='ocrx_word' id='word_1_224' title='bbox 261 2044 335 2084; x_wconf 79' lang='lat' dir='ltr'>Ar.</span> <span class='ocrx_word' id='word_1_225' title='bbox 370 2044 534 2095; x_wconf 84' lang='lat' dir='ltr'>Geogr.</span> <span class='ocrx_word' id='word_1_226' title='bbox 570 2046 691 2093; x_wconf 89' lang='lat' dir='ltr'>Alpes</span> <span class='ocrx_word' id='word_1_227' title='bbox 716 2045 883 2093; x_wconf 83' lang='lat' dir='ltr'>Europae</span> <span class='ocrx_word' id='word_1_228' title='bbox 910 2046 1109 2084; x_wconf 87' lang='lat' dir='ltr'>centralis.</span> 
     </span>
    </p>
   </div>
   <div class='ocr_carea' id='block_1_8' title="bbox 203 2212 1897 2689">
    <p class='ocr_par' dir='ltr' id='par_1_11' title="bbox 203 2212 1897 2552">
     <span class='ocr_line' id='line_1_30' title="bbox 261 2212 1888 2273; baseline -0.002 -13"><span class='ocrx_word' id='word_1_229' title='bbox 261 2218 317 2260; x_wconf 92' lang='lat' dir='ltr'>P.</span> <span class='ocrx_word' id='word_1_230' title='bbox 336 2228 542 2261; x_wconf 83' lang='lat' dir='ltr'>amara</span> <span class='ocrx_word' id='word_1_231' title='bbox 571 2217 632 2271; x_wconf 74' lang='lat' dir='ltr'>(L.</span> <span class='ocrx_word' id='word_1_232' title='bbox 664 2216 734 2273; x_wconf 80' lang='lat' dir='ltr'>Sp.</span> <span class='ocrx_word' id='word_1_233' title='bbox 766 2215 894 2273; x_wconf 82' lang='lat'>987),</span> <span class='ocrx_word' id='word_1_234' title='bbox 926 2216 1067 2259; x_wconf 87' lang='lat' dir='ltr'>radice</span> <span class='ocrx_word' id='word_1_235' title='bbox 1098 2214 1230 2267; x_wconf 83' lang='lat' dir='ltr'>tenni,</span> <span class='ocrx_word' id='word_1_236' title='bbox 1260 2214 1452 2257; x_wconf 87' lang='lat' dir='ltr'>caulibus</span> <span class='ocrx_word' id='word_1_237' title='bbox 1481 2214 1656 2267; x_wconf 85' lang='lat' dir='ltr'>erectis,</span> <span class='ocrx_word' id='word_1_238' title='bbox 1691 2212 1802 2257; x_wconf 85' lang='lat' dir='ltr'>soliis</span> <span class='ocrx_word' id='word_1_239' title='bbox 1829 2228 1888 2256; x_wconf 90' lang='lat' dir='ltr'>ra-</span> 
     </span>
     <span class='ocr_line' id='line_1_31' title="bbox 204 2272 1897 2332; baseline -0.001 -15"><span class='ocrx_word' id='word_1_240' title='bbox 204 2275 409 2317; x_wconf 80' lang='lat' dir='ltr'>dicalibus</span> <span class='ocrx_word' id='word_1_241' title='bbox 438 2275 671 2332; x_wconf 86' lang='lat' dir='ltr'>majoribus</span> <span class='ocrx_word' id='word_1_242' title='bbox 699 2275 897 2318; x_wconf 86' lang='lat' dir='ltr'>rosulatis</span> <span class='ocrx_word' id='word_1_243' title='bbox 926 2274 1079 2331; x_wconf 82' lang='lat' dir='ltr'>patulis</span> <span class='ocrx_word' id='word_1_244' title='bbox 1121 2273 1328 2327; x_wconf 85' lang='lat' dir='ltr'>obovatis,</span> <span class='ocrx_word' id='word_1_245' title='bbox 1359 2273 1539 2317; x_wconf 86' lang='lat' dir='ltr'>caulinis</span> <span class='ocrx_word' id='word_1_246' title='bbox 1566 2272 1897 2328; x_wconf 77' lang='lat' dir='ltr'>oblongo-linea-</span> 
     </span>
     <span class='ocr_line' id='line_1_32' title="bbox 205 2330 1896 2390; baseline -0.001 -14"><span class='ocrx_word' id='word_1_247' title='bbox 205 2334 339 2385; x_wconf 82' lang='lat' dir='ltr'>ribus,</span> <span class='ocrx_word' id='word_1_248' title='bbox 370 2333 548 2376; x_wconf 84' lang='lat' dir='ltr'>racemis</span> <span class='ocrx_word' id='word_1_249' title='bbox 577 2333 872 2377; x_wconf 86' lang='lat' dir='ltr'>terminalibus</span> <span class='ocrx_word' id='word_1_250' title='bbox 897 2333 1162 2385; x_wconf 62' lang='lat' dir='ltr'>laxiusculi«,</span> <span class='ocrx_word' id='word_1_251' title='bbox 1198 2332 1275 2376; x_wconf 90' lang='lat' dir='ltr'>alis</span> <span class='ocrx_word' id='word_1_252' title='bbox 1309 2332 1504 2390; x_wconf 89' lang='lat' dir='ltr'>ellipticis</span> <span class='ocrx_word' id='word_1_253' title='bbox 1539 2331 1751 2375; x_wconf 85' lang='lat' dir='ltr'>trinerviis</span> <span class='ocrx_word' id='word_1_254' title='bbox 1779 2330 1896 2375; x_wconf 87' lang='lat' dir='ltr'>venis</span> 
     </span>
     <span class='ocr_line' id='line_1_33' title="bbox 203 2390 1894 2449; baseline -0.001 -15"><span class='ocrx_word' id='word_1_255' title='bbox 203 2392 367 2435; x_wconf 90' lang='lat' dir='ltr'>modice</span> <span class='ocrx_word' id='word_1_256' title='bbox 405 2392 847 2445; x_wconf 84' lang='lat' dir='ltr'>anastomosantibus,</span> <span class='ocrx_word' id='word_1_257' title='bbox 885 2392 1034 2449; x_wconf 87' lang='lat' dir='ltr'>petalis</span> <span class='ocrx_word' id='word_1_258' title='bbox 1069 2392 1317 2435; x_wconf 87' lang='lat' dir='ltr'>lateralibus</span> <span class='ocrx_word' id='word_1_259' title='bbox 1350 2391 1494 2435; x_wconf 80' lang='lat' dir='ltr'>carina</span> <span class='ocrx_word' id='word_1_260' title='bbox 1528 2390 1894 2445; x_wconf 67' lang='lat' dir='ltr'>sublongioribus,</span> 
     </span>
     <span class='ocr_line' id='line_1_34' title="bbox 203 2449 1890 2507; baseline -0.001 -14"><span class='ocrx_word' id='word_1_261' title='bbox 203 2451 369 2507; x_wconf 76' lang='lat' dir='ltr'>capsula</span> <span class='ocrx_word' id='word_1_262' title='bbox 413 2450 575 2493; x_wconf 80' lang='lat' dir='ltr'>minuta</span> <span class='ocrx_word' id='word_1_263' title='bbox 619 2451 1051 2494; x_wconf 82' lang='lat' dir='ltr'>obovato-obcordata</span> <span class='ocrx_word' id='word_1_264' title='bbox 1085 2450 1233 2507; x_wconf 79' lang='lat' dir='ltr'>glabra</span> <span class='ocrx_word' id='word_1_265' title='bbox 1265 2449 1342 2493; x_wconf 89' lang='lat' dir='ltr'>alis</span> <span class='ocrx_word' id='word_1_266' title='bbox 1375 2449 1525 2493; x_wconf 89' lang='lat' dir='ltr'>latiore</span> <span class='ocrx_word' id='word_1_267' title='bbox 1563 2457 1623 2498; x_wconf 70' lang='lat'>26.</span> <span class='ocrx_word' id='word_1_268' title='bbox 1673 2449 1728 2492; x_wconf 92' lang='lat' dir='ltr'>Ic.</span> <span class='ocrx_word' id='word_1_269' title='bbox 1774 2449 1890 2506; x_wconf 83' lang='lat' dir='ltr'>Jacq.</span> 
     </span>
     <span class='ocr_line' id='line_1_35' title="bbox 203 2508 593 2552; baseline 0 -1"><span class='ocrx_word' id='word_1_270' title='bbox 203 2509 344 2552; x_wconf 86' lang='lat' dir='ltr'>Austr.</span> <span class='ocrx_word' id='word_1_271' title='bbox 374 2508 460 2551; x_wconf 86' lang='lat' dir='ltr'>tab.</span> <span class='ocrx_word' id='word_1_272' title='bbox 492 2508 593 2551; x_wconf 62' lang='lat'>4102.</span> 
     </span>
    </p>

    <p class='ocr_par' dir='ltr' id='par_1_12' title="bbox 208 2575 1895 2689">
     <span class='ocr_line' id='line_1_36' title="bbox 262 2575 1895 2631; baseline 0 -15"><span class='ocrx_word' id='word_1_273' title='bbox 262 2580 361 2618; x_wconf 84' lang='lat' dir='ltr'>Hab.</span> <span class='ocrx_word' id='word_1_274' title='bbox 387 2581 425 2616; x_wconf 90' lang='lat' dir='ltr'>in</span> <span class='ocrx_word' id='word_1_275' title='bbox 451 2581 573 2627; x_wconf 89' lang='lat' dir='ltr'>pratis</span> <span class='ocrx_word' id='word_1_276' title='bbox 599 2580 707 2627; x_wconf 88' lang='lat' dir='ltr'>udis,</span> <span class='ocrx_word' id='word_1_277' title='bbox 737 2592 848 2618; x_wconf 89' lang='lat' dir='ltr'>mons</span> <span class='ocrx_word' id='word_1_278' title='bbox 874 2580 1141 2628; x_wconf 82' lang='lat' dir='ltr'>Boulgourlou</span> <span class='ocrx_word' id='word_1_279' title='bbox 1164 2581 1213 2618; x_wconf 86' lang='lat' dir='ltr'>ad</span> <span class='ocrx_word' id='word_1_280' title='bbox 1238 2580 1466 2629; x_wconf 84' lang='lat' dir='ltr'>Byzentium</span> <span class='ocrx_word' id='word_1_281' title='bbox 1491 2582 1555 2628; x_wconf 86' lang='lat' dir='ltr'>(ex</span> <span class='ocrx_word' id='word_1_282' title='bbox 1579 2575 1721 2631; x_wconf 86' lang='lat' dir='ltr'>Urv.),</span> <span class='ocrx_word' id='word_1_283' title='bbox 1748 2578 1895 2617; x_wconf 85' lang='lat' dir='ltr'>Tauria</span> 
     </span>
     <span class='ocr_line' id='line_1_37' title="bbox 208 2638 704 2689; baseline 0 -13"><span class='ocrx_word' id='word_1_284' title='bbox 208 2640 270 2689; x_wconf 81' lang='lat' dir='ltr'>(ex</span> <span class='ocrx_word' id='word_1_285' title='bbox 294 2638 476 2688; x_wconf 88' lang='lat' dir='ltr'>Ledeb.).</span> <span class='ocrx_word' id='word_1_286' title='bbox 500 2639 587 2677; x_wconf 85' lang='lat' dir='ltr'>Non</span> <span class='ocrx_word' id='word_1_287' title='bbox 612 2639 704 2676; x_wconf 84' lang='lat' dir='ltr'>vidi.</span> 
     </span>
    </p>
   </div>
   <div class='ocr_carea' id='block_1_9' title="bbox 264 2706 1143 2756">
    <p class='ocr_par' dir='ltr' id='par_1_13' title="bbox 264 2706 1143 2756">
     <span class='ocr_line' id='line_1_38' title="bbox 264 2706 1143 2756; baseline 0.001 -12"><span class='ocrx_word' id='word_1_288' title='bbox 264 2706 339 2746; x_wconf 82' lang='lat' dir='ltr'>Ar.</span> <span class='ocrx_word' id='word_1_289' title='bbox 373 2711 533 2756; x_wconf 77' lang='lat' dir='ltr'>Geogr.</span> <span class='ocrx_word' id='word_1_290' title='bbox 568 2707 727 2755; x_wconf 84' lang='lat' dir='ltr'>Europa</span> <span class='ocrx_word' id='word_1_291' title='bbox 750 2708 921 2745; x_wconf 87' lang='lat' dir='ltr'>borealis</span> <span class='ocrx_word' id='word_1_292' title='bbox 943 2712 981 2746; x_wconf 87' lang='lat' dir='ltr'>et</span> <span class='ocrx_word' id='word_1_293' title='bbox 1005 2708 1143 2745; x_wconf 85' lang='lat' dir='ltr'>media..</span> 
     </span>
    </p>
   </div>
  </div>
 </body>
</html>
