2021 3235
1029 96 1115 140 334

289 199 388 236 Hab.
413 198 450 234 in
475 198 603 233 monte
628 194 773 232 Cadmo
799 192 921 231 Gariae
938 203 1055 240 supra
1078 191 1241 229 Khonas
1259 190 1389 241 (Boiss
1407 190 1448 241 l),
1467 190 1599 229 Tauro
1619 189 1781 230 Cilicico
1801 190 1908 243 (Ky!

232 255 354 311 Bali),
385 257 529 294 ditione
551 254 704 291 Kassan
732 252 833 302 Oglu
860 245 1004 302 (Ky!).

290 323 366 363 Ar.
400 322 560 372 Geogr.
587 321 715 359 Gallia
736 318 932 367 australis,
960 319 1084 362 Italia,
1110 318 1323 355 Dalmatia.

824 460 846 482 ÷÷
879 460 1022 498 Annuae
1050 460 1109 496 vel
1140 459 1315 496 biennes.

726 557 752 602 -ξ-
782 552 894 592 Folia
916 554 1068 600 integra
1094 553 1157 590 vel
1181 552 1420 601 subintegra.

291 666 329 708 1.
357 663 661 719 olympica
689 660 838 716 (Boiss.
870 657 1018 714 Diagn.
1038 656 1127 699 Ser.
1151 655 1205 709 11,
1236 656 1269 707 l,
1297 670 1338 712 p.
1369 655 1461 712 37).
1490 670 1513 700 a
1539 656 1643 699 collo
1672 656 1919 712 pluricaulis

232 737 342 767 nana
370 723 448 765 sub
473 723 584 764 lente
620 718 800 776 sparsim
840 716 1060 774 papillosa,
1101 714 1210 757 foliis
1244 713 1420 758 minutis
1448 713 1699 771 spathulatis
1726 712 1920 771 oblongis

233 789 272 825 et
312 780 547 824 linearibus
587 777 765 829 obtusis,
809 774 987 818 floribus
1029 772 1212 825 carneis,
1257 772 1434 816 siliculis
1476 773 1519 815 in
1548 773 1779 818 umbellam
1817 787 1919 817 con-

232 840 377 883 tractis
414 837 554 896 parvis
589 836 719 880 ovatis
747 834 821 877 alis
849 832 1122 876 acutiusculis
1150 832 1268 888 apice
1297 832 1435 875 loculo
1463 830 1757 889 subaequilatis
1774 867 1784 879 ,
1822 831 1918 877 sinu

235 898 498 942 acutiusculo
526 895 629 953 stylo
656 899 855 950 superato
884 893 953 947 (2).

293 969 391 1007 Hab.
418 969 455 1005 in
473 977 622 1004 summo
647 963 814 1012 Olympo
839 961 1008 1009 Bithyno
1037 957 1182 1011 (Boissl
1208 955 1317 998 Noe'!
1344 959 1452 998 Glem
1473 954 1520 1011 i).

293 1035 474 1073 Plantula
501 1028 636 1085 1·1¹s2
666 1029 865 1079 pollicaris
886 1028 990 1067 facie
1022 1027 1054 1065 l.
1079 1038 1192 1065 name
1217 1026 1294 1065 Ali.
1331 1026 1436 1067 foliis
1471 1027 1620 1075 glabris
1654 1027 1915 1078 subdentatis‚

233 1096 336 1144 stylo
360 1094 485 1132 sinum
508 1104 584 1129 non
606 1089 818 1139 superanti,
844 1092 931 1135 etc.,
957 1087 1163 1125 distinctae.

293 1220 331 1266 1.
359 1217 606 1263 Jordani
635 1214 786 1271 (Boiss.
816 1211 965 1268 Diagn'.
996 1210 1084 1255 Ser.
1110 1214 1142 1264 l,
1174 1211 1206 1264 Ι,
1236 1224 1277 1268 p.
1300 1208 1375 1266 38)
1405 1223 1427 1253 a
1455 1210 1562 1252 collo
1590 1223 1761 1253 ramosa
1780 1211 1920 1255 ramis

235 1277 387 1322 crassis
414 1276 503 1319 basi
531 1273 731 1318 tortuosis
758 1270 930 1328 pumilis
957 1269 1302 1322 ascendentibus,
1323 1268 1434 1312 foliis
1460 1268 1539 1312 sub
1557 1269 1671 1312 lente
1690 1269 1921 1313 albo-setu-

233 1337 334 1383 losis
361 1334 647 1391 integerrimis
675 1329 1146 1386 oblongo-spathulatis,
1171 1328 1351 1372 floribus
1370 1327 1502 1371 roseis
1520 1328 1638 1371 valde
1658 1327 1923 1372 radiantibus

234 1395 277 1438 in
305 1395 534 1437 umbellam
570 1390 859 1448 planissimam
887 1388 1116 1443 congestiS,
1145 1387 1323 1430 silicul-is
1345 1386 1394 1430 ,in
1428 1400 1645 1429 racemum
1671 1386 1922 1430 subumhel-

232 1454 363 1496 latum
390 1450 616 1496 contractis
643 1446 887 1505 majusculis
914 1446 1046 1490 ovatis
1073 1444 1425 1498 concaviusculis,
1456 1444 1533 1488 alis
1559 1444 1789 1501 purpureis
1816 1459 1919 1488 acu-

232 1511 424 1556 tiusculis
452 1510 568 1567 apice
595 1508 732 1552 loculo
760 1504 998 1558 latioribus,
1028 1505 1134 1562 stylo
1161 1504 1258 1548 sinu
1275 1502 1464 1547 breviori
1483 1505 1552 1560 Q).
1574 1503 1615 1546 Ι.
1635 1502 1780 1547 Attica
1794 1504 1915 1548 Jord.

234 1571 406 1626 Fragm.
435 1569 506 1623 Vl,
535 1582 575 1625 p.
605 1566 675 1610 492.

290 1643 389 1680 Hab.
415 1642 453 1679 in
478 1639 670 1678 montanis
697 1636 906 1684 Anatoliae,
932 1635 1067 1684 Sipylo
1092 1647 1212 1683 supra
1240 1634 1483 1684 Magnesiam
1509 1627 1666 1685 (Boissl
1687 1634 1724 1682 ),
1764 1631 1914 1674 Cadmo

233 1713 354 1750 supra
379 1700 538 1749 Gheyra
561 1698 752 1749 (Boissl),
783 1695 909 1744 Lycia
933 1694 1131 1745 (Bourgl)
1157 1698 1195 1732 et
1224 1693 1362 1732 Cilicia
1390 1693 1553 1745 (Ball),
1581 1695 1653 1734 sub
1676 1693 1704 1733 Ι,
1739 1693 1915 1739 Taurica,

232 1760 466 1811 Pamphylia
489 1760 635 1807 Bourg.
661 1758 732 1796 sub
754 1756 785 1794 J.
809 1755 978 1794 Pinardz'
1004 1759 1042 1795 et
1071 1754 1186 1803 Syria
1213 1755 1297 1792 bor.
1325 1749 1409 1807 (Ky
1433 1766 1515 1793 exs.
1543 1751 1624 1794 151
1654 1755 1726 1793 sub
1749 1755 1781 1793 I.
1810 1754 1915 1794 Tau-

233 1821 347 1871 rica).

291 1887 404 1925 Rami
429 1883 507 1925 5-6
531 1885 759 1933 pollicares,
784 1882 900 1919 flores
925 1881 1160 1929 marginales
1186 1880 1243 1919 eis
1283 1880 1314 1918 I.
1358 1881 1573 1920 umbellatae
1608 1880 1690 1918 fere
1724 1880 1917 1930 majores,

231 1947 384 1985 silicula
406 1943 682 1994 magnitudinis
703 1942 736 1980 I.
762 1941 892 1980 Pruitz·
907 1941 979 1980 alis
1001 1952 1077 1979 non
1096 1939 1324 1978 reticulatis.
1340 1940 1444 1988 stylo
1463 1941 1594 1989 longo,
1618 1939 1779 1978 floribus
1796 1940 1916 1978 multo

232 2005 447 2045 minoribus
471 2005 646 2042 diversae.
669 2000 710 2039 ln
736 2000 888 2040 Graecia
911 2012 988 2038 non
1014 2000 1168 2038 crescit.

289 2147 328 2189 1.
355 2143 641 2201 Spruneri
668 2140 801 2197 (Jord.
833 2142 913 2185 loc.
945 2142 1014 2184 cit.
1045 2154 1088 2197 p.
1117 2138 1192 2196 43)
1221 2153 1246 2182 a
1271 2140 1378 2183 collo
1405 2151 1592 2191 ramosa,
1622 2137 1752 2182 ramis
1782 2137 1918 2195 pumi-

232 2204 282 2248 lis
309 2201 617 2254 erectiusculis,
659 2200 768 2242 foliis
809 2213 936 2257 parce
978 2197 1397 2256 papillari-setulosis
1436 2196 1836 2253 obovato—oblongis
1877 2203 1918 2239 et

229 2258 675 2318 lineari-spathulatiS,
718 2258 896 2302 floribus
921 2258 1076 2314 pallide
1104 2256 1240 2300 roseis
1265 2255 1431 2299 modice
1458 2255 1726 2299 radiantibus
1753 2254 1797 2298 in
1823 2269 1917 2298 um-

228 2321 383 2365 bellam
409 2320 577 2376 planam
604 2316 831 2372 congestis,
861 2316 1037 2360 siliculis
1063 2315 1105 2358 in
1135 2328 1353 2358 racemum
1378 2315 1659 2358 umbellatum
1684 2313 1804 2358 valde
1821 2327 1918 2357 con-

227 2379 374 2423 tractis
399 2377 581 2421 breviter
607 2374 737 2418 ovatis
765 2375 839 2418 alis
866 2374 1042 2418 rubellis
1069 2374 1203 2418 acutis
1230 2373 1349 2431 apice
1374 2373 1513 2417 loculo
1538 2372 1780 2424 latioribus,
1809 2372 1916 2430 stylo

230 2438 372 2482 sinum
399 2441 626 2492 angustum
653 2432 805 2487 saepius
833 2433 1051 2491 superanti
1080 2434 1150 2489 (Ξ).

288 2510 388 2547 Hab.
415 2508 453 2545 in
476 2506 638 2545 Graeciae
655 2505 849 2543 montibus
875 2505 1061 2554 Hymetto
1092 2508 1130 2542 et
1156 2503 1357 2546 Pentelieo
1382 2502 1561 2554 (Spruni
1595 2502 1731 2541 Boiss!
1761 2495 1910 2540 Heldr!

230 2568 353 2617 Orph.
385 2567 445 2605 Fl.
464 2566 532 2605 Gr.
560 2576 640 2603 exs,
667 2558 820 2619 2780.

288 2637 400 2675 Rami
436 2633 670 2684 praeeedenti
702 2633 914 2681 tenuiores,
949 2632 1065 2672 flores
1098 2632 1224 2670 minus
1262 2631 1484 2683 radiantes,
1524 2631 1688 2670 siliculae
1723 2630 1915 2680 minores;

229 2697 344 2734 valde
369 2695 494 2733 affinis
512 2694 543 2732 I.
573 2693 799 2731 Tenoreanae
822 2705 888 2732 Do.
907 2693 979 2730 alis
998 2691 1292 2741 angustioribus
1313 2696 1351 2730 et
1371 2691 1474 2740 stylo
1493 2689 1722 2740 longissimo
1738 2690 1915 2729 diversae.

289 2831 327 2874 1.
359 2828 606 2875 Taurica
639 2829 725 2885 (Dc.
755 2825 862 2884 Syst.
894 2827 949 2880 Il,
978 2841 1018 2884 p.
1048 2822 1153 2883 402)
1192 2841 1216 2870 a
1243 2828 1350 2871 collo
1376 2840 1546 2871 ramosa
1573 2825 1728 2884 saepius
1756 2826 1919 2883 pumila

230 2896 316 2933 tota
342 2887 486 2932 setulis
513 2887 618 2930 albis
643 2886 864 2943 papillosa,
908 2885 1017 2929 foliis
1053 2885 1476 2943 lineari-spathulatis
1509 2884 1688 2942 integris
1720 2885 1784 2928 vel
1811 2883 1912 2928 sub—
