2021 3235
1007 114 1092 158 216

206 203 328 256 tenti,
358 203 524 260 siliquis
552 204 757 260 pedicello
784 205 1036 248 brevissimo
1063 207 1297 250 incrassato
1325 208 1507 252 suffultis
1533 211 1669 266 longis
1695 212 1895 256 tenuibus

205 262 530 318 erecto—patulis
559 262 832 306 subrecurvis
859 264 1054 307 stellalim
1083 265 1319 321 puberum,
1364 268 1467 324 stylo
1498 268 1766 323 brevissimo,
1809 272 1895 313 val—

204 320 309 362 vulis
344 320 538 363 convexis
572 321 806 364 uninerviis
847 328 912 373 Θ.
959 322 1005 366 S.
1038 322 1201 380 Sophia
1241 326 1285 379 β.
1333 324 1576 383 Schimperi
1612 328 1746 371 Hook.
1788 329 1814 371 f.
1856 337 1897 373 et

204 379 281 421 Th.
311 378 463 421 Journ.
495 379 616 423 Proc.
648 379 769 422 Linn.
801 379 892 423 Soc
930 381 978 434 V,
1017 395 1057 438 p.
1096 381 1197 426 158.
1243 383 1471 427 Robeschia
1508 384 1685 429 Sinaica
1719 386 1892 431 Hochst.

206 437 248 479 in
275 437 462 493 Schirnp.
493 439 547 494 pl.
581 451 667 480 exs.

262 507 363 545 Hab.
387 507 425 544 in
449 508 640 554 glareosis
661 506 863 555 graniticis
886 508 1044 547 Arabiae
1068 513 1213 557 petreae
1236 511 1274 548 in
1299 514 1430 548 monte
1456 510 1564 549 Sinai
1592 512 1780 565 (Schimp.
1810 528 1891 555 exs.

207 560 316 605 170!
348 566 462 603 Boiss
478 564 517 618 !),
562 567 598 603 in
623 565 760 604 Persia
784 567 833 604 ad
866 567 961 605 Ssof
981 568 1080 606 inter
1102 569 1272 616 Ispahan
1299 574 1337 607 et
1359 569 1541 608 Teheran
1566 575 1604 609 et
1636 574 1735 611 inter
1759 574 1892 614 Khab-

205 627 289 664 bisc
315 630 351 662 ct
375 625 548 663 Kerman
575 617 780 678 (Bungel),
806 637 931 676 prope
957 627 1118 666 Schiraz
1144 623 1231 683 (Ky
1256 641 1336 666 exs.
1365 627 1452 668 557
1469 622 1524 681 l),
1550 631 1588 668 in
1612 631 1821 680 Affghania
1843 636 1893 673 ad

207 686 348 724 collum
375 684 566 723 Koschuk
585 685 651 722 alt.
677 682 819 724 6500’
842 679 1020 739 (Griffl),
1045 687 1272 732 Belutschia
1294 688 1344 725 ad
1369 688 1541 727 Niehara
1567 686 1789 744 (Stocksl).

266 752 448 789 Plantula
483 751 763 800 tripollicaris‚
788 752 905 790 flores
933 765 1061 801 magn.
1097 752 1137 791 S.
1162 754 1326 804 sophiae,
1363 755 1506 803 siliqua
1545 755 1895 809 sesquipollicaris‚

205 811 354 849 semina
379 810 644 848 notorrhizea!
670 822 743 848 nec
765 815 808 849 ut
839 813 887 850 cl.
920 806 1176 851 Hochstetter
1209 814 1367 862 scripsit
1392 814 1698 862 pleurorrhizea.
1727 818 1897 857 Habitus

206 870 425 919 specierum
444 870 632 908 sectionis
655 868 800 921 Sophia
824 871 894 909 sed
921 875 1073 920 septum
1097 883 1254 912 enerve.

205 1027 328 1071 SECT.
368 1027 418 1070 Il.
455 1027 626 1071 SoPmA.
666 1028 810 1071 Flores
838 1030 943 1072 lutei
964 1030 1206 1086 pedicellati
1227 1031 1468 1074 ebracteati.
1499 1030 1673 1088 Siliqua
1697 1033 1898 1088 planius-

498 1089 597 1130 cula
623 1088 686 1130 vel
713 1088 952 1144 cyle'mlm'ca
982 1089 1120 1132 valvis
1143 1089 1399 1132 um‘nervz‘is.
1423 1089 1599 1147 Septum
1619 1096 1739 1133 tenue
1755 1093 1897 1134 nervis

501 1147 582 1190 1-2
602 1160 871 1203 percursa-m.

262 1295 315 1339 S.
347 1295 568 1351 Sophia
605 1299 669 1353 (L.
701 1298 768 1355 Sp.
802 1297 904 1355 9202)
935 1298 1097 1341 minute
1130 1299 1587 1355 puberulo-cinereum
1619 1301 1682 1342 vel
1724 1301 1893 1356 glabra-

207 1361 311 1407 tum‚
342 1355 461 1397 caule
479 1357 620 1411 patule
639 1371 825 1410 ramoso,
856 1356 966 1400 foliis
986 1356 1050 1400 bis
1068 1358 1131 1399 vel
1149 1364 1215 1400 ter
1231 1357 1522 1414 pinnatisectis
1551 1358 1661 1401 lobis
1688 1359 1894 1415 oblongo-

205 1412 439 1456 lineai‘ibus
467 1414 620 1468 acutis,
650 1416 832 1459 racemis
850 1414 1110 1468 multifloris,
1140 1416 1279 1474 calyce
1308 1417 1469 1472 patulo,
1499 1416 1663 1474 siliquis
1689 1417 1896 1474 pedicello

204 1470 353 1527 gracili
387 1471 447 1514 eis
476 1471 554 1515 2-4
585 1475 653 1530 plo
681 1474 867 1518 breviori
902 1473 1084 1517 suffultis
1122 1475 1323 1517 tenuibus
1360 1475 1512 1517 erectis
1538 1475 1697 1531 glabris
1724 1490 1895 1519 sursum

204 1530 391 1632 curggtis
419 1531 703 1576 subtorulosis
735 1539 800 1585 Θ.
834 1532 967 1576 Rchb.
1000 1533 1026 1575 f.
1064 1532 1195 1576 4405.
1236 1533 1283 1576 S.
1320 1534 1541 1576 Persicum
1579 1534 1757 1591 Spreng.
1789 1535 1891 1578 Nov.

262 1660 364 1699 Hab.
396 1661 432 1698 in
469 1663 646 1700 arenosis
672 1666 710 1701 et
741 1663 935 1701 ruderatis
962 1663 1078 1701 totius
1114 1662 1274 1700 ditionis
1300 1676 1323 1701 a
1346 1662 1521 1702 Graecia!
1551 1668 1589 1702 et
1613 1664 1810 1703 Thracia!
1839 1665 1892 1702 ad

203 1718 384 1769 Syriam!
423 1721 596 1759 Persiam
631 1723 844 1761 australem
880 1719 1039 1775 (Ky!)‚
1064 1721 1313 1771 Affghaniam
1346 1720 1514 1777 (Griff1)
1559 1728 1597 1762 et
1626 1724 1892 1763 Belutschiam

206 1778 429 1830 (Stoeks!).

261 1846 307 1899 β.
342 1844 693 1902 brachycarpum.
725 1845 896 1902 Siliquae
923 1845 995 1888 5-7
1024 1846 1158 1888 lineas
1178 1851 1342 1888 tantum
1360 1847 1497 1903 longae
1524 1848 1646 1890 valde
1674 1847 1888 1890 torulosae.

203 1902 248 1946 S.
275 1904 587 1961 pseudosophia
615 1903 747 1948 Boiss.
778 1904 823 1947 in
850 1904 962 1947 Huet
986 1905 1042 1962 pl.
1073 1904 1189 1947 Arm.
1229 1919 1312 1948 exs.

262 1974 363 2013 Hah.
389 1975 429 2011 in
450 1974 639 2012 Armenia
662 1974 768 2013 circa
791 1974 980 2012 Erzerum
1004 1974 1145 2025 (Huetl
1162 1973 1192 2025 ).

265 2042 523 2081 Characteres
548 2043 687 2092 quibus
710 2042 750 2082 S.
773 2043 976 2081 Persicum
1009 2043 1234 2082 distinctum
1271 2042 1342 2081 fuit
1380 2042 1471 2081 mihi
1504 2043 1666 2082 fallaces
1691 2044 1890 2091 videntur,

202 2103 335 2151 petala
360 2103 460 2141 enim
486 2103 639 2140 variant
661 2104 796 2151 calyce
822 2103 973 2141 minora
997 2103 1057 2141 vel
1084 2103 1200 2152 paulo
1227 2102 1398 2152 majora,
1433 2103 1612 2152 septique
1642 2104 1753 2142 nervi
1776 2105 1893 2142 inter-

203 2162 294 2201 dum
319 2163 357 2199 in
378 2162 539 2200 fasciam
563 2163 808 2201 latiusculam
826 2166 1033 2201 mutantur.

260 2230 336 2271 Ar.
371 2231 531 2282 Geogr.
557 2232 729 2281 Europa,
757 2231 892 2270 Africa
914 2231 1097 2280 borealis,
1122 2229 1279 2277 Sibiria,
1304 2232 1512 2280 Himalaya
1535 2231 1887 2273 boreali-occiden-

202 2290 309 2331 talis.

202 2430 324 2480 SEJJT.
358 2429 427 2472 ΙΙΙ.
466 2429 572 2471 Inio.
603 2427 733 2470 Koch.
767 2426 873 2483 Syn.
900 2443 945 2484 p.
966 2428 1042 2470 51.
1072 2427 1218 2470 Flores
1246 2428 1352 2470 lutei
1378 2427 1621 2484 pedicellatz'
1642 2427 1887 2473 ebracteatz'.

626 2485 808 2542 Siliquae
840 2491 1000 2529 teretes.
1051 2485 1189 2530 Valvoe
1223 2486 1454 2529 trinervioe.

198 2633 221 2655 ÷÷
255 2633 475 2673 Pedicellus
500 2632 676 2671 fructifer
700 2634 939 2671 incrassatus
958 2633 1108 2681 siliquae
1130 2630 1485 2681 diam-aequilatus.
1512 2632 1673 2682 Septum
1697 2644 1888 2672 crassum.

774 2713 831 2720 —
857 2692 1148 2742 Pachypodium
1170 2692 1314 2730 Webb.

258 2831 311 2875 S.
345 2831 647 2875 Columnae
684 2830 819 2887 (Jacq.
858 2831 999 2874 Austr.
1034 2831 1116 2873 tab.
1158 2829 1262 2886 323)
1301 2837 1418 2887 parte
1463 2831 1657 2875 inferiori
1685 2832 1824 2888 patule
1853 2838 1894 2875 et

199 2889 383 2934 molliter
409 2889 586 2943 hirtum,
618 2888 726 2931 foliis
762 2889 1365 2947 runcinato-pinnatipartitis‚
1396 2889 1561 2933 laciniis
1589 2890 1772 2934 dentatis
1800 2891 1890 2933 basi
