2021 3235
1049 198 1134 242 9‘26

239 295 528 344 brevioribus,
564 293 708 337 ovario
734 293 881 346 glabro
918 301 978 342 ¹3⁶.
1008 293 1132 335 laub.
1163 300 1204 335 et
1230 292 1300 350 Sp.
1332 293 1487 337 illustr.
1521 295 1574 350 pl.
1605 295 1675 339 Or,
1706 297 1792 340 tab.
1823 296 1928 340 261.

242 355 354 397 Ruta
380 355 623 395 suaveolens
650 354 678 406 β
706 357 898 406 conflesta
933 364 1000 394 oc.
1034 351 1182 395 Prodr.
1215 352 1254 404 l,
1295 366 1335 409 p.
1377 353 1476 396 1¹14.
1507 353 1638 411 Hapl.
1672 355 1940 399 Buoebaumii

241 416 270 467 β
297 413 541 454 maleolent-
567 411 732 454 Griseb.
764 410 905 467 Spicil.
941 410 973 461 l,
1002 425 1044 466 p.
1077 409 1179 453 430.

303 485 401 521 Hal).
429 485 476 520 ad
504 483 656 521 radices
681 482 836 530 Olympi
873 481 1030 529 Bithyni
1055 482 1231 527 (Pestall
1258 482 1344 519 Noe·
1378 494 1459 521 exs.
1484 481 1643 532 2701),
1674 485 1711 522 in
1747 486 1940 524 montibus

245 546 350 582 circa
374 543 581 580 Safranbol
609 547 645 579 et
672 542 776 580 circa
801 541 936 578 Tokat
960 541 1155 590 (Wiedein
1176 537 1221 589 l).

302 610 442 648 Caules
465 609 727 656 semipedales
753 609 828 644 imo
855 608 1069 655 longiores,
1096 608 1211 645 flores
1237 620 1366 654 magn.
1394 609 1441 646 H.
1469 609 1638 656 Cilieici,
1666 612 1798 659 petala
1822 611 1939 648 etiam

242 670 405 718 capsula
429 674 645 706 maturante
673 668 940 715 persistentia,
967 668 1113 715 calycis
1132 668 1285 705 laciniae
1308 668 1412 706 latae.

301 736 345 789 β.
382 734 628 776 Tauricam.
669 731 850 774 Laciniae
887 731 1086 787 calycinae
1114 739 1243 774 ovalae
1277 732 1547 776 denticulatae
1574 733 1790 777 interdum
1818 733 1938 776 cilio-

245 794 351 835 latm.
388 793 439 835 H.
479 793 709 834 Tauricam
735 790 860 832 laub.
893 797 933 832 ot
958 790 1028 846 Sp.
1061 790 1216 832 llluslr.
1248 790 1319 833 Or.
1352 790 1435 844 lll,
1464 805 1504 847 p.
1536 791 1636 835 478.
1666 792 1717 835 R.
1749 793 1939 848 linifolia

246 852 329 894 ΜΒ.
360 852 487 894 Taur.
519 852 642 893 (lanc.
675 850 707 901 l,
737 864 762 906 p
810 848 886 891 311
923 856 962 890 et
991 848 1080 891 ssot.
1114 849 1220 905 Mag.
1252 849 1337 892 tab.
1369 848 1484 892 020254
1510 865 1595 893 non
1625 851 1667 893 L.

302 923 402 960 Hah.
430 922 466 958 in
495 921 683 959 calcareis
709 926 746 956 et
772 920 970 967 argillosis
994 919 1151 956 Tauriae
1173 920 1277 967 (ΜΒ.
1303 914 1417 957 Stev!
1439 921 1467 970 ).

301 1008 341 1048 γ.
374 985 738 1042 lasiocalycimtm.
781 982 903 1042 Calyx
937 983 1100 1035 birlus,
1140 983 1238 1026 folia
1279 991 1460 1040 angusta
1495 992 1532 1028 et
1569 984 1739 1027 habitus
1774 985 1828 1027 H.
1858 999 1940 1041 pu-

243 1047 358 1090 mili.

304 1118 401 1154 Hah.
429 1117 463 1152 iu
492 1115 687 1151 montibus
717 1111 945 1160 lrachyticis
973 1112 1165 1150 Anatoliae
1188 1112 1272 1149 bor.
1299 1113 1349 1150 ad
1378 1113 1539 1161 Angora
1563 1117 1600 1150 et
1627 1114 1663 1150 in
1687 1118 1814 1151 monto
1844 1114 1936 1150 Ala-

244 1177 346 1226 dagh
366 1171 625 1226 <Wi0den1!).

382 1341 412 1392 †
445 1341 470 1388 †
504 1339 638 1378 Ovarii
664 1340 746 1377 lom
769 1340 889 1388 gibbo
913 1342 1029 1377 ovato
1056 1338 1115 1376 vel
1144 1339 1282 1377 conico
1308 1339 1566 1387 eglanduloso
1593 1340 1806 1378 terminati.

300 1463 364 1505 H.
393 1459 720 1506 thesioides
748 1457 908 1514 <Fisch.
939 1457 981 1499 in
1010 1470 1076 1500 Dc.
1109 1457 1256 1500 Prodr.
1291 1457 1323 1511 l,
1354 1471 1396 1513 p.
1429 1456 1513 1499 742
1541 1457 1619 1500 sub
1646 1457 1779 1515 Ruta)
1808 1458 1940 1500 cauli-

242 1522 319 1563 bus
348 1520 541 1577 pluribus
574 1517 748 1575 pumilis
782 1516 1046 1573 simplicibus
1083 1516 1162 1559 sub
1200 1517 1311 1559 lente
1339 1515 1524 1573 crispule
1552 1516 1798 1572 puberulis,
1828 1517 1939 1559 soliis

243 1580 404 1623 crebris
431 1578 590 1634 glabris
617 1576 836 1619 sessilibus
869 1575 959 1618 basi
988 1575 1215 1618 attenuatis
1242 1575 1427 1618 breviter
1454 1575 1698 1618 lanceolatis
1724 1575 1939 1619 obtusius-

243 1639 347 1681 culis
377 1652 510 1695 usque
538 1637 587 1680 ad
617 1635 868 1693 corymbum
895 1633 1176 1691 paucissorum
1203 1640 1462 1677 coarctatum
1482 1633 1545 1676 vix
1563 1633 1804 1688 diminutis,
1824 1635 1938 1692 caly-

243 1697 301 1740 cis
339 1698 388 1741 ad
423 1696 545 1739 basin
578 1709 712 1752 usque
749 1694 890 1751 partiti
928 1693 1092 1736 laciniis
1118 1700 1239 1736 ovato
1258 1692 1541 1736 -orbiculatis
1568 1693 1730 1736 obtusis
1758 1693 1938 1736 erosulis

243 1757 434 1811 margine
471 1754 695 1803 cilialulis,
734 1753 882 1810 petalis
908 1752 1066 1809 glabris
1093 1752 1224 1795 ovatis
1260 1751 1447 1804 obtusis,
1488 1751 1742 1795 staminibus
1779 1753 1937 1795 corolla

243 1815 305 1857 vix
334 1814 625 1866 brevioribus,
661 1813 791 1855 ovarii
825 1813 1022 1855 loborum
1058 1811 1198 1866 gibbis
1233 1812 1369 1854 loculo
1402 1810 1655 1868 aequilongis
1691 1818 1730 1853 et
1761 1811 1936 1867 aequila-

245 1882 294 1916 lis
331 1884 386 1924 26.

302 1945 401 1983 Hab.
429 1945 478 1982 ad
504 1945 605 1980 latus
626 1942 817 1979 orientale
844 1941 960 1977 maris
985 1939 1117 1987 Caspii
1142 1941 1190 1977 ad
1216 1939 1461 1988 Mangislack
1486 1939 1620 1988 (Fisch
1637 1939 1682 1986 !).

303 2011 441 2049 Facies
459 2010 713 2058 speciminum
734 2009 924 2046 minorum
948 2007 1219 2056 praecedentis,
1246 2007 1378 2045 caules
1397 2003 1511 2046 8-12
1537 2006 1796 2054 semipedales
1816 2007 1935 2044 dense

243 2071 385 2115 foliosi,
412 2070 503 2107 folia
525 2068 601 2109 5-7
632 2070 756 2105 lineas
784 2069 899 2115 longa
928 2065 1001 2104 1-1
1024 2063 1071 2117 ¹s⁴
1102 2067 1192 2114 lata,
1218 2066 1427 2114 capitulum
1455 2064 1741 2112 7—10-florum,
1767 2066 1936 2103 bracteae

242 2130 344 2167 foliis
368 2130 514 2167 simiies
550 2129 619 2165 sed
659 2128 884 2174 breviores,
909 2125 1024 2164 flores
1059 2129 1138 2163 tres
1164 2127 1285 2163 lineas
1310 2125 1438 2172 longi,
1465 2126 1663 2163 filamenta
1702 2125 1787 2163 basi
1819 2126 1935 2163 valde

243 2190 418 2227 barbata.

299 2349 365 2391 H.
395 2347 754 2402 sylvaticum
783 2343 934 2401 (Boiss.
967 2343 1115 2399 Diagn.
1147 2343 1235 2386 Ser.
1270 2343 1310 2396 1,
1350 2343 1462 2397 Vlll,
1508 2357 1546 2400 p.
1580 2342 1684 2399 126)
1723 2343 1932 2399 glaberri-

241 2420 383 2457 mum,
429 2405 674 2448 multicaule
715 2403 907 2446 caulibus
949 2402 1278 2446 ascendentibus
1321 2401 1440 2444 elatis
1482 2401 1776 2464 simplicibus,
1821 2402 1932 2446 foliis

239 2464 395 2507 strictis
423 2464 643 2507 sessilibus
669 2463 759 2506 basi
788 2461 1015 2505 attenuatis
1043 2461 1516 2517 oblongo-lanceolatis
1549 2460 1700 2513 acutis,
1731 2460 1932 2518 corymbo

238 2524 369 2566 denso
396 2523 611 2566 interdum
639 2522 868 2578 puberulo,
896 2519 1111 2577 pedicellis
1138 2519 1416 2572 brevissimis,
1446 2519 1601 2585 calycis
1626 2518 1779 2562 minuti
1795 2519 1932 2575 glabri

239 2582 288 2624 ad
318 2582 506 2625 medium
534 2580 662 2624 lobati
692 2580 798 2623 lobis
826 2577 1160 2634 triangularibus
1179 2578 1331 2631 acutis,
1361 2578 1614 2621 stamimbus
1634 2578 1790 2621 corolla
1810 2577 1933 2621 tertia

239 2648 357 2697 parte
386 2640 671 2692 brevioribus,
701 2638 833 2682 ovarii
867 2637 1002 2693 glabri
1030 2636 1170 2693 gibbis
1197 2637 1334 2680 loculo
1361 2636 1538 2680 dimidio
1565 2635 1833 2679 brevioribus
1866 2644 1903 2685 26
1919 2672 1927 2679 .

298 2711 396 2748 Hab.
425 2711 461 2748 in
481 2709 684 2758 sylvaticis
715 2708 856 2746 montis
880 2706 1005 2745 Cassii
1032 2706 1154 2755 Syriae
1178 2707 1349 2744 borealis
1375 2702 1566 2760 (Boissl).
1590 2706 1649 2744 Fl.
1677 2706 1766 2744 Jun.

299 2776 439 2816 Caules
466 2775 549 2816 1-1
574 2772 629 2830 ¹s2
653 2775 815 2824 pedales
838 2774 876 2812 in
903 2774 1040 2811 dumos
1065 2773 1295 2822 aggregati,
1319 2772 1437 2811 flores
1469 2773 1618 2821 magni,
1644 2772 1766 2811 facies
1791 2772 1838 2810 H.
1867 2772 1928 2811 Ci-

239 2838 346 2876 liezssei
370 2850 392 2874 a
416 2848 492 2885 quo
514 2835 698 2885 glabritie
723 2838 762 2872 et
787 2834 923 2882 calyce
948 2833 1083 2871 lobato
1110 2832 1371 2880 distinguitur.

298 2994 363 3036 H.
391 2993 623 3043 Buhsei,
650 2989 976 3047 glaberrimum,
996 2987 1086 3030 basi
1114 2986 1434 3039 suffrutescens,
1453 2986 1646 3029 caulibus
1664 2985 1925 3042 simplicibus
