2021 3235
910 101 995 145 183

110 198 254 237 Persiae
275 199 395 235 austr.
421 196 500 250 (ΚΥ
527 208 607 235 exs.
633 189 747 236 554!
777 199 815 234 et
840 194 979 248 7602),
1006 197 1147 235 montis
1172 197 1315 236 Elbrus
1338 198 1447 236 Pers.
1471 199 1555 236 bor.
1583 199 1681 237 inter
1714 199 1787 237 As·

110 256 272 296 terabad
296 260 335 294 et
366 256 568 295 Schahrud
594 250 801 308 (Bungei).
823 256 882 293 Fl.
907 260 991 294 aest.

170 324 309 361 Planta
332 320 467 378 ῬΛ-2
494 324 705 371 pollicaris,
731 323 826 360 folia
848 322 925 363 5-5
951 323 1018 361 lin.
1044 323 1174 372 longa,
1191 324 1336 361 racemi
1354 323 1539 362 fructiferi
1566 325 1788 372 pollicares‚

112 383 259 431 siliquae
284 379 427 435 5¹l2-4
450 383 572 420 lineas
605 384 730 431 longae
762 383 800 419 in
839 383 975 421 eodem
1010 393 1165 420 racemo
1206 382 1396 420 interdum
1429 387 1470 420 ut
1503 384 1540 420 in
1566 384 1790 433 Holaryz'dio

110 443 304 480 normales
329 443 389 480 vel
411 440 485 482 5-5
509 442 656 492 valves‚
682 442 806 479 valvis
829 446 867 479 et
891 442 1013 489 septis
1031 441 1068 478 in
1093 442 1334 489 pyramidem
1358 439 1432 480 5-5
1452 454 1594 490 gonam
1621 444 1788 482 coalitis.

111 501 278 542 Habitus
304 501 592 550 Chrysodrabae.

821 637 1087 685 BARBAREA

588 721 650 782 (R.
690 720 757 767 ΒΓ.
802 719 906 767 Kew.
950 718 1022 775 lv,
1068 732 1156 780 paq.
1200 717 1316 778 109).

167 859 289 918 Calyx
316 860 565 903 suberectus
593 859 683 902 basi
710 857 899 915 aequalis.
947 857 1087 899 Petala
1123 856 1397 913 unguiculata
1426 856 1580 898 lamina
1608 855 1785 912 integra.

110 919 269 976 Siliqua
295 924 788 975 compresso-tetragona
824 915 951 959 valvis
987 915 1187 958 carinatis
1224 916 1287 957 vel
1325 914 1494 958 cosmus
1531 915 1636 971 stylo
1673 915 1788 957 brevi

111 978 304 1033 stigmate
332 977 573 1020 subretuso.
607 975 777 1019 Semina
803 974 1037 1017 uniseriata
1063 974 1244 1030 oblonga
1270 972 1583 1028 iinmarginata.
1627 972 1790 1030 Cotyle-

111 1038 242 1080 dones
269 1036 583 1079 accumbentes.
614 1061 670 1065 —
699 1033 850 1076 Herhae
877 1032 1094 1076 ssavissorae
1122 1032 1269 1075 habitu
1297 1031 1507 1087 Erysimz‘.

835 1163 858 1185 ἦ
891 1164 1071 1201 Biennes.

170 1286 227 1329 B.
245 1286 518 1342 vulgaris
546 1286 610 1341 (R.
638 1285 706 1328 ΒΓ.
739 1287 819 1328 loe.
840 1285 934 1341 eit.)
964 1284 1074 1327 soliis
1102 1283 1377 1326 inferioribus
1404 1283 1549 1340 lyratis
1578 1281 1654 1324 ⁶2-4
1676 1283 1789 1339 jugis

112 1344 208 1387 lobo
236 1343 445 1386 terminali
474 1343 657 1387 maximo
684 1343 950 1387 subroiundo
977 1343 1066 1386 basi
1096 1343 1370 1394 subeordato,
1415 1341 1523 1384 foliis
1551 1355 1691 1398 super.
1724 1341 1788 1383 in-

112 1402 254 1445 divisis
281 1402 480 1453 denlalis,
511 1402 690 1445 racemis
717 1402 795 1445 sub
823 1401 986 1444 anthesi
1015 1401 1174 1455 densis,
1210 1400 1372 1457 siliquis
1391 1400 1636 1457 junioribus
1664 1399 1789 1442 rectis

113 1461 264 1504 adultis
292 1461 700 1516 erecto-patentibus
727 1462 796 1516 (2).
831 1461 885 1503 lc.
917 1460 1050 1503 Rehb.
1083 1461 1154 1515 fig.
1185 1458 1314 1502 4356.
1354 1459 1609 1515 Erysz'mum
1636 1458 1787 1501 barba,-

111 1533 180 1562 rea
210 1520 251 1562 L.
282 1518 350 1576 Sp.
382 1518 482 1561 922.

171 1589 271 1628 Hab.
298 1590 337 1626 in
361 1588 528 1626 humidis
552 1589 665 1627 cultis
690 1588 872 1627 Thraciae
899 1586 962 1639 (ex
986 1586 1179 1641 Griseb.).

171 1657 329 1706 Siliquae
347 1656 428 1694 fere
444 1657 668 1704 pollicares.

169 1726 245 1765 Ar.
278 1730 440 1774 Geogr.
474 1725 653 1775 Europa,
678 1725 774 1763 Asia
795 1724 978 1763 borealis.

170 1866 227 1910 B.
256 1866 500 1909 arcuata
528 1862 681 1919 (Rchb.
714 1862 803 1905 Boi.
824 1862 926 1905 Zeit.
958 1860 1087 1915 1820)
1116 1859 1225 1902 foliis
1252 1858 1375 1901 infer.
1408 1857 1552 1915 lyratis
1580 1856 1653 1898 2-4
1673 1856 1789 1912 jugis

113 1922 342 1980 segmentis
364 1921 456 1979 jugi
484 1920 718 1977 superioris
746 1921 966 1963 latitudine
994 1926 1260 1974 segmentum
1279 1916 1499 1959 terminale
1519 1915 1790 1957 subeordato-

114 1981 344 2025 rotundum
380 1979 666 2037 aequantibus,
712 1979 821 2021 foliis
858 1992 1000 2035 super.
1033 1976 1224 2019 indivisis
1256 1974 1453 2027 dentatis,
1498 1973 1677 2016 racemis
1714 1973 1791 2015 suh

114 2039 278 2084 anthesi
305 2038 425 2092 laxis,
455 2037 617 2094 siliquis
640 2037 886 2093 junioribus
913 2035 1119 2087 arcuatis,
1155 2033 1308 2076 adultis
1335 2033 1377 2074 in
1404 2032 1608 2088 pedicello
1634 2031 1791 2086 patenti

114 2099 285 2151 erectis,
315 2098 420 2154 stylo
449 2096 562 2138 tenui
591 2095 858 2151 longiusculo
886 2097 955 2151 (ἦ).
989 2095 1043 2137 [e.
1075 2093 1209 2136 Rehb.
1241 2092 1268 2133 s.
1299 2090 1436 2133 4357!
1468 2091 1517 2131 B.
1546 2089 1726 2131 Taurica
1753 2095 1793 2130 et

115 2157 168 2201 B.
198 2157 361 2199 [berica
388 2168 455 2198 nc.
486 2154 592 2212 Syst.
626 2154 679 2207 ΙΙ,
710 2167 750 2210 p.
782 2153 890 2197 2Ο7ῐ
925 2152 1067 2195 Clwvtr.
1100 2152 1322 2207 loem'gyatus
1348 2149 1416 2191 W.
1448 2148 1612 2191 herbb!

172 2228 274 2264 Hah.
299 2226 337 2263 in
369 2225 516 2262 Tauria
541 2228 579 2261 et
601 2236 713 2273 prov.
741 2222 966 2261 Caucasieis
1000 2212 1213 2273 (Steveni).

175 2296 331 2344 Siliquae
354 2294 591 2342 praecedenti
613 2293 810 2331 tenuiores
836 2292 1094 2330 subtorulosae
1125 2290 1266 2327 adultae
1292 2287 1513 2335 pollicares.

173 2360 218 2414 β.
245 2357 546 2414 pinnatisecta.
578 2354 695 2398 Folia
722 2354 945 2411 superiora
970 2352 1179 2411 profunde
1208 2350 1339 2393 ineisa
1365 2348 1428 2391 vel
1455 2346 1745 2404 pinnatisecta.

174 2430 276 2467 Hab.
305 2429 343 2466 in
368 2427 534 2466 humidis
553 2427 692 2465 montis
712 2426 843 2475 Argaei
869 2425 1128 2474 Cappadociae
1150 2423 1246 2474 (Ky.
1269 2420 1404 2469 SuppL
1427 2416 1576 2470 5071),
1605 2418 1641 2454 in
1667 2419 1793 2454 monte

115 2488 298 2537 Aladagh
329 2488 521 2525 Anatoliae
547 2486 746 2537 (Wiedl).

175 2554 396 2602 Speeimina
419 2565 545 2601 pauca
561 2553 720 2602 juniora
742 2552 822 2589 vidi
846 2551 935 2589 inde
959 2550 1085 2588 forma
1108 2548 1200 2586 mihi
1225 2546 1468 2592 subincerta‚
1494 2543 1650 2581 habitus
1686 2545 1723 2578 et
1745 2541 1794 2578 si-

115 2615 231 2663 liquae
256 2610 459 2664 (juniores)
485 2612 527 2650 B.
552 2613 811 2663 plantaginem
834 2611 904 2648 sed
927 2610 1021 2648 folia
1044 2618 1225 2656 suprema
1242 2605 1387 2654 ineisa3
1404 2603 1591 2642 radicalia
1605 2612 1681 2639 non
1699 2600 1789 2637 vidi.

176 2680 252 2721 Ar.
284 2679 446 2730 Geogr.
471 2681 631 2730 Europa
658 2685 696 2719 et
719 2681 816 2719 Asia
839 2679 1033 2718 boreales.

176 2823 234 2866 B.
253 2821 637 2877 plantaginea
663 2819 747 2869 (ne.
777 2818 885 2873 Sysl.
908 2817 961 2869 ll,
988 2829 1025 2872 p.
1049 2813 1150 2867 ⁶208)
1180 2812 1287 2855 foliis
1316 2809 1440 2852 infor.
1472 2805 1666 2870 oblongis
1694 2805 1797 2846 den-

121 2880 215 2923 tatis
242 2880 304 2921 vel
333 2879 559 2936 sublyratis
586 2875 954 2921 lobisiateralibus
973 2872 1148 2916 minutis
1166 2867 1509 2919 dentisormibus,
1539 2865 1646 2907 folus
1673 2876 1796 2919 supe-
