2021 3235
921 73 1007 117 4853

178 166 222 219 β.
252 163 470 220 qracilior.
515 162 663 205 Caules
690 163 937 218 graciliores
964 163 1092 206 erecti
1123 163 1286 220 virgati.
1334 165 1456 208 Nervi
1495 181 1615 209 secus
1651 167 1800 209 tubum

122 222 365 265 brevissime
393 222 682 264 decurrentes,
716 222 764 263 D.
788 222 1027 264 stria-tellus
1056 222 1179 264 Fenzl
1211 223 1312 279 Pug.
1346 225 1400 267 N0
1429 224 1499 267 :3:3.

181 294 280 331 Hab.
314 294 349 329 in
383 294 543 340 regione
575 293 747 330 inferiori
783 294 904 331 Tauri
939 295 1040 331 circa
1067 292 1193 331 Gulek
1231 294 1322 344 (Ky
1352 308 1432 333 cxs.
1459 294 1536 335 88!
1556 295 1590 348 ),
1633 296 1746 344 Syria
1770 297 1807 333 iu

121 354 269 391 Amano
302 349 395 405 (Ky
416 363 496 390 exs.
516 349 592 390 69!
610 350 640 403 ),
668 353 771 390 circa
795 352 965 391 Suadieb
992 358 1030 390 et
1050 353 1298 390 Antiochiam
1324 352 1464 406 (Boiss
1482 353 1489 394 l
1509 357 1542 403 ),
1583 355 1631 392 ad
1657 356 1807 393 Aiutab

125 411 298 460 (Haussk
316 406 363 465 l).

182 497 222 536 y.
252 475 531 530 axillislorus.
577 474 725 518 Caules
752 476 805 519 ob
834 476 959 518 flores
986 475 1235 519 subsessiles
1265 477 1495 526 inferiores
1515 479 1809 522 subsolitarios

124 533 364 577 terminales
395 534 652 589 glomeratos
689 534 912 577 racemosi.
958 534 1009 576 D.
1049 535 1313 591 care'lle'slorns
1351 535 1473 578 Fcnzl
1504 537 1605 593 Pug.
1639 538 1804 580 N0132!

125 592 276 636 Forma
304 592 560 635 autumnalis
588 591 767 648 probab.
799 593 1034 645 abnormis,
1066 594 1192 636 flores
1221 593 1280 636 eis
1309 594 1393 652 typi
1424 595 1643 638 simillimi.

181 663 282 701 Hab.
308 663 344 698 in
370 661 508 699 Cilicia
532 662 726 699 maritima
749 663 797 699 ad
822 663 1011 699 Kasanlie
1038 662 1116 712 (Ky
1146 663 1255 701 herb.
1282 663 1379 701 Mus.
1410 664 1562 704 Vindob
1580 664 1621 716 l),
1660 667 1810 703 Libano

123 721 170 759 ad
199 722 350 759 Dimam
377 719 497 773 (Bit).

181 786 221 829 ὃ.
250 785 510 827 subenervis.
543 783 702 841 Calycis
730 785 875 827 dentes
903 785 981 841 ipsi
1012 785 1099 827 fere
1127 799 1317 829 enerves.

185 858 286 895 Hab.
315 857 351 893 in
379 857 493 894 cultis
518 855 658 893 Libani
683 857 731 893 ad
757 857 951 894 Becherre
977 857 1043 894 alt.
1069 855 1210 897 5800'
1240 858 1320 909 (ΚΥ
1346 870 1425 895 exs.
1453 854 1539 897 518
1558 857 1603 911 l).

183 1030 241 1072 D.
261 1029 543 1079 sulcatus,
561 1026 727 1082 glaber,
758 1026 1015 1070 multicaulis
1043 1028 1235 1071 caulibus
1264 1029 1464 1071 tenuibus
1484 1029 1637 1073 erectis
1666 1032 1723 1073 vel
1744 1031 1819 1074 dis-

125 1086 229 1130 susis
255 1086 454 1129 flexuosis
482 1086 680 1138 ramosis,
717 1085 828 1128 foliis
855 1086 1056 1128 brevibus
1084 1085 1288 1139 flaccidis,
1326 1087 1503 1130 floribus
1532 1088 1717 1132 breviter
1746 1105 1818 1147 pe-

124 1144 363 1188 dunculatis
391 1143 690 1196 suhsolitariis,
735 1144 925 1201 squamis
962 1144 1160 1188 scariosis
1196 1145 1364 1202 pallidis
1401 1147 1533 1189 oratis
1567 1147 1818 1191 brevissime

126 1204 307 1247 aristatis
335 1204 473 1260 calyce
502 1202 710 1259 subtriplo
739 1202 1032 1255 brevioribus,
1071 1204 1224 1261 calycis
1251 1204 1450 1247 dentibus
1478 1206 1612 1249 ovatis
1640 1207 1820 1249 submu-

130 1263 219 1305 licis
260 1261 401 1304 nervis
443 1261 613 1304 sinuum
656 1261 904 1303 brevissime
942 1262 1002 1304 vel
1037 1261 1102 1303 vix
1133 1263 1478 1315 decurrentibus,
1511 1264 1666 1308 lamina
1690 1270 1818 1322 parva

126 1321 277 1376 pallide
307 1323 427 1362 rosea
454 1319 526 1362 4-6
554 1320 725 1362 dentata
752 1319 874 1362 lineis
903 1320 1231 1364 saturatioribus
1261 1322 1418 1364 sulcata
1458 1329 1517 1370 26.
1550 1323 1603 1366 l).
1636 1326 1817 1380 quadri-

128 1378 244 1422 lobus
271 1378 402 1422 Boiss.
434 1378 476 1420 in
504 1378 653 1421 Tchih.
684 1378 752 1420 As.
786 1378 884 1420 Min.
916 1378 947 1431 I,
977 1393 1019 1435 p.
1051 1377 1135 1421 0222
1163 1382 1337 1434 (nomen
1365 1380 1680 1437 improprium).

186 1451 285 1488 Hab.
312 1451 348 1487 in
375 1450 575 1497 argillosis
599 1448 750 1487 collinis
768 1449 963 1488 Armeniae
981 1451 1245 1488 meridionalis
1264 1462 1387 1499 prope
1405 1451 1603 1499 Auzapert
1621 1452 1819 1503 (Tabim),

127 1510 175 1547 ad
200 1521 341 1557 pagum
364 1509 518 1557 Koweg
540 1520 664 1557 prope
688 1507 822 1546 Musch
849 1507 930 1558 (ΚΥ
950 1522 1030 1548 OXS.
1055 1507 1162 1549 518!
1190 1511 1260 1548 sub
1286 1510 1330 1547 D.
1356 1510 1574 1559 strialello),
1603 1513 1639 1549 in
1660 1514 1818 1562 regione

127 1569 257 1617 alpina
282 1569 422 1606 montis
447 1568 669 1605 Masmeneu
696 1567 955 1615 Cappadociae
975 1569 1075 1615 (Bal.
1100 1581 1181 1607 exs.
1208 1570 1295 1607 sub.
1325 1569 1371 1607 D.
1400 1572 1601 1609 strialello.

185 1636 372 1673 Varietati
405 1636 541 1684 gracili
574 1635 828 1684 praecedentis
861 1637 976 1673 valde
1010 1637 1136 1674 affinis
1173 1642 1210 1674 et
1240 1637 1372 1675 forsan
1409 1640 1494 1687 ejus
1528 1641 1652 1678 forma
1685 1642 1817 1689 alpina

127 1695 253 1733 differt
285 1700 412 1734 tamen
444 1696 661 1743 petalorum
695 1695 839 1731 lamina
873 1696 1020 1732 minuta
1054 1697 1194 1734 eximie
1215 1695 1291 1736 4-5
1322 1698 1662 1745 lineato-sulcata,
1703 1712 1816 1748 quem

128 1754 389 1793 characterem
430 1755 466 1791 ia
505 1754 638 1792 formis
680 1754 723 1793 D.
758 1755 1053 1803 multipunctati
1085 1767 1161 1794 non
1199 1757 1418 1795 observavi.
1467 1757 1588 1807 Calyx
1630 1756 1707 1797 5-6
1748 1761 1814 1798 lin.

127 1813 279 1862 longus.

183 1969 242 2012 D.
260 1969 611 2012 Bitlisianus
639 1967 718 2025 (ΚΥ
746 1969 800 2024 pl.
832 1983 916 2010 cxs.
949 1968 1063 2012 1859
1091 1969 1220 2027 Supp.
1253 1970 1385 2027 7621>
1417 1972 1565 2028 glaber
1593 1973 1816 2017 multicau-

126 2024 191 2079 lis,
234 2026 425 2069 caulibus
451 2026 650 2069 brevibus
678 2026 906 2069 humifusis
934 2028 1131 2080 ramosis,
1177 2028 1286 2072 foliis
1323 2029 1586 2074 brevissimis
1620 2033 1812 2087 margine

127 2084 348 2137 scabridis,
387 2085 564 2128 floribus
592 2084 791 2128 solitariis
820 2086 879 2127 vel
908 2084 987 2128 3-4
1015 2086 1243 2143 congestis,
1279 2088 1469 2144 squamis
1497 2090 1696 2134 scariosis
1723 2092 1812 2148 pal-

125 2141 219 2185 lidis
246 2143 377 2186 ovatis
405 2143 583 2200 abrupte
610 2142 795 2186 aristatis
823 2144 1006 2201 calycem
1036 2144 1261 2188 dimidium
1288 2146 1352 2188 vix
1381 2148 1706 2203 superantibus,
1741 2164 1810 2194 ca-

123 2200 223 2258 lycis
250 2202 447 2245 dentibus
474 2202 606 2245 ovatis
632 2202 897 2257 longiuscule
925 2203 1184 2246 mucronatis
1212 2205 1353 2247 nervis
1381 2205 1552 2248 sinuum
1580 2207 1704 2263 longe
1732 2208 1810 2251 de-

125 2259 412 2313 currentibus,
441 2259 598 2303 lamina
624 2263 752 2317 parva
779 2264 958 2304 cuneata
985 2268 1105 2304 acute
1132 2260 1203 2304 45
1230 2263 1401 2306 dentata
1427 2264 1470 2306 in
1498 2279 1686 2321 unguem
1715 2281 1812 2309 sen-

125 2316 203 2360 sim
232 2321 447 2362 attenuata
481 2330 538 2372 25.

182 2389 281 2427 Hab.
307 2390 344 2427 in
366 2390 486 2427 aridis
511 2401 635 2438 prope
659 2390 771 2427 Bitlis
797 2389 991 2428 Armeniae
1014 2392 1280 2430 meridionalis
1309 2386 1454 2444 (Kyt).

183 2453 322 2493 Caules
347 2456 490 2504 plantae
514 2456 629 2493 etiam
652 2457 764 2494 cultae
787 2453 863 2495 4-5
886 2457 1112 2505 pollicares.
1143 2458 1267 2507 calyx
1289 2457 1317 2498 6
1341 2460 1464 2498 lineas
1490 2461 1645 2511 longus.
1670 2462 1810 2501 Affinis

124 2515 357 2560 praecedenti
382 2516 451 2553 sed
477 2515 608 2553 caules
631 2516 747 2553 etiam
771 2515 808 2552 in
834 2516 970 2564 planta
995 2517 1098 2554 culta
1123 2517 1318 2567 humifusi,
1346 2530 1517 2567 squamae
1543 2526 1581 2559 et
1599 2522 1711 2570 calyx
1730 2523 1809 2561 lon-

124 2571 298 2619 giuscule
323 2575 538 2613 mucronati
565 2578 603 2612 et
625 2575 757 2622 petala
777 2586 853 2612 non
879 2575 1042 2613 sulcata.

179 2735 237 2777 D.
256 2736 604 2790 polycladus
631 2736 779 2791 (Boiss.
811 2736 960 2792 Diagn.
981 2737 1071 2779 Ser.
1096 2737 1127 2790 1,
1151 2737 1181 2790 l,
1213 2752 1252 2794 p.
1275 2737 1347 2785 65)
1374 2740 1524 2795 glaber
1550 2742 1612 2784 vel
1640 2742 1808 2787 inferne

120 2793 403 2845 tomentellus,
433 2793 625 2837 caulibus
663 2795 904 2837 numerosis
940 2795 1091 2837 erectis
1129 2796 1248 2838 elatis
1284 2796 1457 2852 virgatis
1493 2799 1736 2844 dichotomc
1765 2810 1808 2845 et

123 2849 261 2892 stricte
290 2852 589 2895 ramosissimis
617 2852 746 2896 ramis
772 2853 960 2896 tenuiter
988 2853 1219 2908 elongatis,
1259 2854 1369 2899 foliis
1406 2856 1561 2900 strictis
1600 2859 1806 2903 scabridis
