2021 3235
901 76 986 122 945

441 364 608 413 ORD.
643 364 868 412 XXXII.
910 361 1428 412 SAPINDACEAE.

486 479 658 526 Beuth.
691 485 739 525 et
768 477 927 525 Hook.
959 476 1082 525 Gen.
1117 476 1166 532 1,
1203 493 1249 539 p.
1269 473 1398 521 589.

157 642 300 687 Flores
326 645 544 701 regulares
570 645 633 687 vel
660 644 937 701 irregulares,
965 641 1339 702 polygamo-dioici
1366 642 1430 684 vel
1458 638 1597 683 rarius
1625 639 1793 704 her-ma-

99 702 301 759 phroditi.
346 702 495 760 Sep'ala
535 702 758 746 imbricata
783 702 886 746 4-5
927 702 1067 746 rarius
1092 703 1239 759 plura,
1275 700 1410 744 libera
1443 699 1505 742 vel
1532 698 1625 755 plus
1653 711 1794 740 minus

99 768 296 815 connata,
325 775 437 818 saepe
463 761 706 819 inaequalia.
736 761 879 805 Petala
903 760 930 805 Ο
956 762 1018 804 vel
1046 760 1143 805 3-5
1170 759 1310 803 rarius
1339 759 1460 816 plura
1477 793 1487 811 ,
1524 755 1705 813 aequalia
1731 757 1793 798 vel

100 819 341 876 inaequalia.
372 820 521 863 Discus
548 821 784 877 completus
811 821 875 863 vel
901 819 1179 863 unilateralis.
1210 817 1399 862 Stamina
1425 816 1451 860 8
1478 815 1619 858 rarius
1646 814 1672 857 5
1689 840 1703 845 -
1721 814 1794 867 10,

98 877 324 936 hypogyna
351 878 463 922 intra
488 879 551 922 vel
579 892 708 936 supra
734 878 898 922 discum
925 878 1100 921 inserta.
1131 877 1329 921 Ovarium
1358 875 1544 919 centrale
1562 873 1627 916 vel
1645 886 1795 916 excen-

102 936 255 979 tricum
281 936 495 993 integrum
522 938 586 980 vel
612 936 833 994 partitum,
861 936 888 980 3
915 937 1055 980 rarius
1082 936 1160 979 1-4
1184 936 1371 979 loculare
1396 933 1547 977 loculis
1575 931 1667 974 1-2
1693 946 1798 974 ovu-

99 995 212 1038 latis.
240 994 369 1039 Ovula
395 995 663 1053 amphitropa
688 996 752 1039 vel
778 1002 1011 1053 anatropa,
1049 995 1181 1052 raphe
1207 993 1433 1046 ventralis,
1472 991 1706 1048 micropyle
1733 990 1799 1033 in-

101 1053 204 1098 fera.
234 1053 374 1111 Stylus
400 1054 555 1111 saepius
581 1054 735 1098 unicus
762 1054 940 1110 simplex
965 1055 1030 1097 vel
1056 1053 1311 1098 declinatus.
1342 1052 1523 1095 Fructus
1543 1049 1796 1107 capsularis,

101 1112 163 1155 vel
190 1112 460 1156 indehiscens
486 1114 551 1156 vel
579 1112 758 1156 samaris
785 1111 857 1157 2-3
874 1119 1086 1156 constans.
1118 1112 1288 1156 Semina
1306 1110 1461 1168 saepius
1480 1107 1798 1152 exalbuminosa

101 1170 265 1214 arillata
290 1171 354 1213 vel
382 1171 512 1223 nuda,
544 1171 736 1215 radicula
761 1171 914 1215 infera.

514 1357 588 1400 ΤΒ.
621 1357 652 1399 Ι.
689 1355 975 1400 SAPINDEAE.
1012 1356 1145 1400 Benth
1174 1364 1215 1399 et
1242 1357 1379 1400 Hook.

161 1488 304 1532 Flores
330 1488 397 1544 (in
425 1488 611 1544 nostris)
641 1480 917 1544 irregulares.
949 1487 1095 1532 Discus
1123 1488 1192 1545 <in
1220 1487 1402 1544 nostris)
1442 1485 1707 1529 unilateralis
1736 1485 1798 1527 vel

95 1546 312 1604 obliquus.
341 1545 531 1590 Stamina
558 1547 609 1590 ad
645 1547 767 1590 basin
809 1546 943 1590 ovarii
975 1546 1088 1591 intra
1122 1547 1288 1591 discum
1320 1546 1480 1590 inserta
1515 1544 1580 1587 vel
1614 1543 1796 1586 unilate-

96 1604 217 1648 ralia.
250 1604 430 1648 Fructus
459 1605 523 1661 (in
550 1605 726 1663 nostris)
756 1604 1009 1662 capsularis.
1041 1604 1212 1649 Semina
1239 1603 1578 1649 exalbuminosa.

534 1755 966 1813 GARnlosPERMUM
1002 1763 1065 1823 (L.
1102 1763 1199 1813 Gen.
1235 1763 1364 1825 498).

166 1882 313 1926 Flores
354 1884 578 1941 polygamo
596 1908 614 1914 -
632 1882 776 1927 dioici.
807 1882 956 1941 Sepala
982 1883 1011 1926 4
1036 1896 1244 1936 concava,
1289 1882 1373 1926 duo
1408 1881 1621 1925 exteriora
1648 1894 1792 1938 parva.

100 1941 239 1985 Petala
264 1941 292 1984 4
318 1955 393 1998 per
420 1942 540 1999 paria
566 1941 797 1999 disposita,
825 1942 911 1986 duo
937 1942 1102 2000 majora
1129 1943 1308 1999 squama
1334 1943 1489 1997 magna
1516 1940 1601 1983 duo
1629 1939 1798 1983 minora

100 2001 322 2056 squamula
348 2000 521 2044 cristata
547 2008 686 2044 aucta.
716 2000 865 2044 Discus
891 1999 1156 2044 unilateralis
1183 2000 1225 2043 in
1245 1999 1272 2042 2
1289 1999 1511 2056 glandulas
1528 1998 1678 2056 petalis
1695 1997 1799 2042 infe-

101 2057 287 2102 rioribus
313 2058 528 2115 oppositas
562 2058 751 2102 inflatus.
783 2058 971 2102 Stamina
997 2057 1023 2102 8
1051 2058 1308 2112 excentrica,
1336 2057 1554 2101 filamenta
1570 2056 1799 2114 inaequalia

101 2115 251 2159 libera.
296 2116 493 2162 Ovarium
526 2117 796 2171 triloculare,
840 2118 968 2176 stylus
994 2116 1181 2171 trifidus,
1224 2117 1347 2160 ovula
1373 2115 1577 2159 solitaria.
1621 2115 1799 2173 Capsula

102 2174 430 2219 membranacea
455 2176 625 2229 trigona
649 2175 873 2220 loculicide
899 2174 1137 2220 dehiscens.
1176 2175 1347 2219 Semina
1380 2174 1555 2231 globosa
1581 2181 1800 2218 crustacea

105 2233 258 2290 saepius
285 2233 465 2288 arillata,
493 2235 764 2292 cotyledones
792 2241 1031 2277 transverse
1058 2233 1382 2292 conduplicatae.
1401 2258 1459 2264 —
1486 2232 1640 2276 Herbae
1667 2232 1800 2275 inter-

102 2290 203 2391 gum
229 2291 577 2357 suffrutescentes
603 2292 878 2346 scandentes,
906 2292 1006 2336 folia
1033 2292 1197 2336 alterna
1223 2291 1473 2349 exstipulata
1499 2291 1710 2335 biternata
1736 2291 1801 2334 vel

133 2357 404 2407 ecomposita.

161 2459 216 2504 C.
242 2459 651 2505 halicacabum
677 2459 744 2517 (L.
775 2458 845 2516 Sp.
875 2457 979 2517 925)
1016 2458 1184 2517 petiolis
1220 2458 1380 2516 glabris
1413 2459 1477 2501 vel
1504 2457 1653 2511 hirtis,
1689 2459 1802 2501 folus

103 2516 260 2572 glabris
287 2517 526 2573 biternatis,
554 2517 709 2562 foliolis
735 2517 930 2573 oblongis
956 2516 1210 2561 acuminatis
1236 2530 1384 2574 grosse
1411 2516 1547 2560 inciso
1565 2541 1584 2548 -
1601 2516 1800 2569 dentatis,

104 2575 284 2619 racemis
310 2577 434 2633 longe
461 2576 773 2634 pedunculatis,
802 2576 975 2633 capsula
1001 2577 1082 2620 late
1107 2575 1332 2634 pyrisormi
1363 2580 1431 2627 Θ.

163 2647 264 2686 Hab.
288 2648 326 2686 in
357 2649 550 2687 umbrosis
574 2648 687 2697 regni
708 2646 883 2687 Maseate
906 2658 1033 2696 prope
1055 2647 1181 2686 Zekki
1203 2645 1342 2700 (Auch.
1377 2657 1459 2685 exs.
1483 2643 1597 2685 4171
1619 2642 1667 2699 !).

163 2713 301 2751 Planta
323 2713 551 2762 subtropica
574 2717 613 2752 et
636 2713 791 2762 tropica
813 2712 881 2751 vix
905 2716 1051 2751 nostrae
1075 2712 1254 2752 ditionis.

166 2777 240 2816 Ar.
273 2778 435 2829 Geogr.
469 2779 594 2829 India,
617 2778 751 2818 Africa
775 2782 813 2817 et
833 2778 1018 2817 Amet-ica
1040 2777 1278 2827 subtropicae
1301 2782 1339 2816 et
1364 2778 1535 2827 tropicae.

1573 2863 1619 2900 60
