2021 3235
918 150 967 201 61

102 234 597 307 virini-purpurascenti,
626 244 780 302 sepalis
807 245 939 290 ovatis
955 247 1256 306 obtusissimiS,
1275 253 1464 299 'antheris
1480 258 1666 313 musteis,
1686 275 1778 305 car-

102 299 221 355 pellls
247 300 601 346 semlorhiculatis
627 303 747 360 apice
777 305 1016 351 rotundatis
1052 308 1197 352 carina
1228 310 1384 355 dorsali
1411 313 1456 356 in
1491 317 1645 373 stylum
1671 319 1778 362 obli-'

103 371 234 413 quum
260 359 468 415 producta
503 367 539 409 26
556 396 563 404 .

160 430 261 468 Hab.
292 431 330 467 in
364 431 566 479 sylvatieis
590 431 766 481 regionis
799 436 1122 482 sempervirentis
1155 442 1193 476 et
1226 444 1417 481 montanae
1438 443 1633 483 inferioris
1657 446 1779 496 Syriae

103 487 282 538 borealis,
316 501 427 527 mons
461 489 620 529 Cassius
646 491 795 542 (Auch.
822 503 904 531 exs.
937 487 1018 533 6οῐ
1055 496 1192 536 Boiss!
1213 498 1246 549 ),
1279 499 1452 540 Amanus
1488 514 1607 551 supra
1645 507 1778 544 Beilan

102 545 197 596 (Ky.
224 559 310 587 exs.
351 547 513 604 265!),
545 550 732 600 Soffdagh
772 555 811 590 et
839 556 990 591 montes
1027 567 1151 605 prope
1181 557 1325 597 Aintab
1363 562 1428 599 alt.
1467 560 1776 605 2000’-4000‘

99 606 323 654 (Haussknl
342 605 372 649 l.
396 609 455 647 Fl.
479 609 596 648 Febr.
623 614 661 648 et
685 610 798 649 Mart.

157 674 271 714 Folia
294 677 483 715 radicalia
505 679 650 726 petiolo
675 676 782 719 6-10
805 679 984 732 pollicari
1011 683 1170 721 suffulta
1192 684 1381 724 diametro
1406 691 1630 730 transverso
1648 692 1776 731 latiori

98 731 173 774 6-8
204 736 423 790 pollicaria.
471 737 613 776 caules
653 739 776 777 crassi
815 735 883 778 1-1
915 737 969 793 ¹s2
1002 742 1163 790 pedales
1201 741 1251 781 ad
1286 746 1587 787 ramificationes
1627 755 1664 789 et
1705 753 1776 791 sub

96 793 257 834 floribus
301 795 444 834 foliosi.
484 796 622 835 Flores
655 798 732 835 illis
764 797 811 836 H.
849 799 975 848 soetidz·
1009 802 1127 849 paulo
1161 803 1342 843 minores.
1386 799 1521 845 Petala
1545 811 1775 850 staminibus

97 853 161 890 vix
195 854 391 894 breviora.
417 855 600 906 Carpella
623 855 651 895 2
674 857 768 906 poll.
802 859 921 908 longa
954 860 1138 909 pollicem
1173 865 1211 900 et
1242 864 1407 913 amplius
1438 866 1518 904 lata
1549 869 1774 909 reticulato-

98 924 260 952 venosa.

210 1017 231 1073 ἓ
258 1016 299 1060 2.
333 1016 536 1076 Carpella
560 1019 716 1076 inflata
742 1021 920 1065 obovata
947 1020 1038 1065 basi
1064 1024 1234 1067 coalita.

272 1110 295 1134 ÷÷
328 1113 506 1152 Rracteae
530 1114 686 1153 albidae.

150 1233 215 1276 H.
233 1233 406 1289 niger
425 1233 489 1291 (L.
509 1233 579 1291 Sp.
601 1233 732 1292 7831)
756 1235 919 1291 glaber,
939 1236 1038 1280 folio
1056 1238 1315 1295 pedatisecto
1329 1242 1560 1297 segmentis
1577 1243 1779 1301 oblongo-

92 1291 282 1334 cuneatis
309 1291 427 1348 apice
454 1292 644 1347 serratis,
672 1293 792 1337 caule
832 1293 911 1337 1-2
945 1295 1053 1340 floro
1089 1304 1244 1354 praeter
1278 1299 1470 1343 bracteas
1499 1309 1640 1345 ovatas
1668 1303 1776 1347 inte-

91 1362 188 1405 gras
214 1350 276 1393 vel
302 1350 552 1395 tridentatas
579 1352 762 1410 aphyllo,
782 1353 936 1409 sepalis
953 1354 1084 1398 ovatis
1112 1355 1218 1399 albis
1245 1358 1308 1400 vel
1335 1360 1468 1402 roseis
1495 1366 1531 1408 26
1550 1395 1558 1402 .
1578 1361 1635 1404 Ic.
1656 1360 1774 1414 Jaco.

91 1408 232 1450 Auslr.
263 1409 347 1452 tab.
379 1408 479 1453 201.
511 1410 645 1454 Rchb.
676 1411 705 1453 f.
734 1410 864 1455 47026.
1752 1415 1758 1417 “

150 1472 252 1519 Hab.
286 1480 325 1518 in
357 1473 560 1520 umbrosis⁴
576 1480 764 1521 montium
785 1480 969 1522 Laconia}
1003 1481 1071 1538 (ex
1103 1476 1268 1536 snitu),
1306 1485 1467 1526 Graeciae
1500 1489 1771 1528 continentalis

96 1536 162 1588 (ex
185 1537 342 1592 Fraas),
368 1541 509 1579 montis
531 1541 658 1580 Athos
685 1538 753 1596 (ex
776 1541 959 1594 Eichw.).
983 1544 1015 1581 E
1041 1536 1186 1583 ditione
1210 1545 1379 1583 nondum
1403 1547 1494 1585 vidi.
1520 1547 1579 1586 Fl.
1604 1544 1714 1587 Mart.

153 1602 229 1644 Ar.
262 1604 424 1656 Geogr.
458 1604 619 1657 Europa
642 1608 769 1646 media
794 1612 832 1647 et
861 1610 1045 1649 australis
1067 1623 1091 1649 a
1115 1610 1325 1649 Germania
1349 1614 1528 1652 orientali
1553 1616 1712 1653 australi
1738 1620 1775 1654 et

93 1663 208 1703 Italla
230 1666 281 1704 ad
303 1667 485 1714 regiones
510 1667 763 1707 Danubiales.

269 1756 292 1779 ’Ἃ
316 1756 340 1780 *³*
371 1757 547 1797 Braeteae
569 1753 744 1797 foiiaeeae
768 1759 929 1798 virides.

299 1850 326 1897 †
357 1849 470 1887 Folia
484 1850 674 1888 radicalia
687 1849 826 1898 hyeme
842 1851 1126 1889 marcescentia
1140 1847 1244 1904 (Huc
1258 1863 1412 1902 quoque
1430 1857 1608 1902 spectant
1626 1856 1778 1904 speeies

387 1908 579 1958 Europeae
606 1908 653 1946 H.
679 1909 818 1948 viridis
840 1921 926 1949 cum
950 1910 1102 1960 variet„
1129 1910 1177 1949 H.
1206 1911 1439 1962 multifida-3,
1461 1917 1778 1967 purpurascensj.

151 2011 215 2055 H.
244 2011 654 2068 cyclophyllus
682 2010 782 2054 folio
810 2011 985 2055 radicali
1002 2011 1130 2055 unico
1158 2013 1351 2057 coriaceo
1378 2014 1667 2072 palmatisecto
1684 2031 1777 2074 seg-

95 2070 248 2113 mentis
266 2069 343 2112 7-9
361 2069 808 2127 oblongo-lanceolatis
826 2069 1019 2113 indivisis
1037 2071 1098 2113 vel
1122 2071 1331 2128 profunde
1350 2072 1428 2116 2-ss
1444 2073 1610 2130 partitis
1628 2075 1776 2119 subtus

93 2128 387 2185 prominenter
411 2128 580 2172 venosis
615 2129 667 2172 ad
700 2142 853 2172 nervos
880 2128 1117 2185 puberufis,
1146 2130 1325 2174 caulinis
1358 2138 1399 2174 et
1438 2131 1657 2176 floralibus
1684 2135 1776 2190 pal-

95 2186 390 2244 matipartitis‚
420 2188 539 2230 caule
571 2186 644 2230 3-4
678 2186 810 2241 ssoro,
840 2187 992 2244 sepalis
1019 2187 1151 2230 ovatis
1178 2186 1424 2233 orbiculatis
1450 2189 1671 2248 viridibus,
1701 2205 1776 2234 an-

93 2245 225 2289 theris
251 2244 555 2303 subapiculatis
590 2253 652 2295 26.
681 2245 737 2288 H.
772 2244 1006 2290 Orientalis
1033 2245 1167 2289 Sibth.
1200 2245 1258 2289 Fl.
1294 2246 1427 2291 Graec.
1467 2262 1515 2291 ex
1540 2255 1675 2305 parte.
1716 2249 1772 2292 H.

93 2304 248 2348 viridis
272 2318 366 2347 var.
395 2303 688 2361 cyclophyllus
714 2304 777 2348 Al.
808 2304 963 2348 Braun.
994 2304 1085 2347 Ind.
1117 2303 1228 2347 Sem.
1272 2305 1408 2349 Berol.
1446 2305 1574 2349 1861.
1611 2321 1653 2363 p.
1684 2307 1788 2363 14).-

152 2375 252 2414 Hab.
279 2375 316 2412 in
354 2375 514 2424 regione
547 2372 721 2414 abietina
757 2375 943 2413 Parnassi
977 2376 1045 2413 alt.
1069 2373 1213 2416 4000’
1242 2374 1467 2417 Guicciardi
1486 2370 1543 2430 i),
1569 2378 1772 2416 montibus

95 2433 240 2472 Eubeae
264 2431 417 2489 (Heldr.
440 2433 561 2473 Herb.
579 2434 716 2473 Norm.
735 2445 818 2473 exs.
842 2429 953 2475 647!
984 2435 1056 2473 sub
1077 2434 1125 2473 H.
1153 2433 1376 2490 Orientali),
1400 2436 1587 2474 Helicone
1612 2436 1774 2475 Boeotiae

99 2489 297 2547 (Orphl),
321 2493 359 2530 in
390 2493 548 2542 pascuis
571 2494 714 2532 montis
745 2492 892 2533 Olenos
915 2492 1076 2533 Achaiae
1099 2494 1165 2533 alt.
1191 2485 1333 2534 6000!
1357 2487 1502 2549 (Heldr
1519 2492 1558 2549 l)

154 2560 294 2599 Planta
316 2560 364 2598 H.
386 2560 505 2600 viridi
528 2561 679 2612 elatior,
704 2561 822 2600 flores
848 2561 1018 2611 majores
1053 2564 1091 2599 et
1114 2563 1254 2612 sepala
1284 2562 1445 2613 latiora,
1475 2562 1657 2601 foliorum
1692 2575 1778 2612 seg—

96 2622 227 2659 menta
252 2620 394 2658 latiora
419 2620 556 2659 subtus
576 2620 707 2669 pilosa.
732 2619 806 2659 nee
829 2620 1082 2670 glaberrima.

343 2709 376 2762 †
398 2710 426 2760 †
455 2711 569 2751 Folia
591 2711 782 2751 radicalia
798 2711 939 2762 hyeme
962 2711 1224 2760 persistentia.

388 2798 427 2826 a.
465 2787 621 2827 Folium
645 2787 817 2827 radicale
840 2787 1071 2826 solitarium.

168 2882 234 2926 H.
281 2880 602 2928 orientalis
646 2882 782 2940 (Lam.
820 2882 908 2931 Enc
937 2883 989 2925 cl.
1029 2881 1100 2925 111.
1130 2894 1171 2938 p.
1210 2879 1265 2923 99
1320 2879 1463 2924 wind.
1495 2880 1651 2939 Specl)
1679 2881 1778 2924 folio

98 2939 356 2997 pedatisecto
382 2940 577 2986 coriaceo
603 2940 833 2998 segmentis
860 2938 907 2983 7-
964 2937 1365 2997 ellipticc-oblongis
1383 2937 1583 2995 utrinque
1601 2940 1777 2982 acutatis
