2021 3235
1030 124 1115 167 350

287 219 388 257 Hab.
414 219 450 255 in
474 230 582 265 prov.
607 217 850 267 Aderbidjan
875 219 1017 256 Persiae
1043 218 1178 269 (Aucli.
1206 231 1286 257 eXS.
1312 217 1431 258 4128
1449 218 1457 256 !
1477 222 1508 269 ),
1536 219 1637 257 inter
1671 219 1853 258 Teheran
1880 224 1918 258 et

230 279 374 317 Tabris
394 278 547 326 (Bunge
563 273 609 330 l).

288 346 427 383 Facies
467 349 505 382 et
537 344 630 382 folia
655 345 913 393 praecedentis
947 357 968 380 a
994 357 1069 393 quo
1108 344 1261 382 silicula
1295 346 1497 382 attenuata
1535 345 1686 393 alisque
1725 345 1916 393 profunde

230 406 330 442 fissis
355 405 511 441 differt..

576 559 602 608 ἦ·
633 558 659 607 †
691 558 717 607 †
749 558 909 595 Silicula
931 556 1158 595 bilocularis
1182 555 1320 593 loculis
1344 556 1567 593 biovulatis.

287 702 367 744 ΖΕ.
400 698 879 754 cardiophyllum
922 696 1073 752 (Boiss.
1111 703 1151 737 et
1186 695 1332 738 Heldr.
1365 694 1512 750 Diagn.
1545 694 1635 738 Ser.
1668 695 1700 748 I,
1731 695 1840 749 VIII,
1872 711 1912 753 p.

228 758 302 815 43)
332 758 523 801 caulibus
549 756 695 813 paucis
722 755 873 810 rigidis
900 755 1029 797 dense
1057 753 1217 797 foliosis
1244 752 1507 809 simplicibus
1538 755 1600 797 vel
1628 767 1811 810 superne
1840 755 1916 798 1-2

230 831 421 861 racemos
448 816 641 859 laterales
669 814 910 865 edentibus,
941 812 1050 856 foliis
1078 812 1274 867 rigidulis
1303 812 1521 855 sessilibus
1539 812 1918 857 deltoideo-corda—

230 876 282 919 tis
309 875 443 919 acutis
469 873 745 918 inferioribus
772 871 992 929 oppositis,
1023 871 1200 914 ssoribus
1229 871 1362 914 roseis
1390 870 1701 923 mediocribus,
1730 871 1917 915 filamen-

230 935 283 977 tis
310 933 544 991 majoribus
572 932 719 975 liberis
755 931 832 974 sub
869 930 987 987 apice
1024 930 1149 973 dente
1185 929 1337 981 auctis,
1384 943 1552 973 racemo
1580 929 1800 972 fructifero
1827 932 1916 973 lon-

229 994 445 1049 giusculo,
483 992 647 1035 silicula
673 992 792 1033 ovata
818 988 936 1046 apice
964 988 1060 1031 sinu
1088 988 1205 1031 brevi
1232 989 1350 1031 valde
1378 995 1525 1045 aperto
1554 992 1915 1032 truncato-retusa

230 1050 306 1095 alis
333 1066 357 1094 a
383 1051 472 1094 basi
501 1051 551 1093 ad
580 1049 742 1106 apicem
769 1047 952 1090 dilatatis
979 1047 1116 1090 loculo
1151 1046 1457 1090 sublatioribus
1492 1046 1688 1090 radiatim
1725 1048 1916 1091 nervosis

230 1110 433 1163 dentatis,
473 1110 578 1166 stylo
606 1108 700 1151 sinu
729 1106 911 1161 longiori
948 1114 985 1155 5.
1035 1105 1069 1148 T
1068 1105 1211 1162 lzluspi
1241 1105 1460 1149 Orientale
1484 1107 1740 1161 fruticosum
1768 1105 1915 1149 Scam-

229 1182 383 1212 moneae
409 1167 728 1224 Monspeliensss
755 1165 858 1221 folio
891 1165 1049 1208 Tourn.
1082 1164 1210 1207 herb!
1249 1164 1378 1206 Buxb.
1409 1163 1525 1207 Cent.
1558 1164 1592 1218 I,
1620 1164 1706 1207 tab.
1738 1163 1782 1218 3,
1812 1165 1838 1208 f.
1871 1165 1912 1207 1.

287 1239 388 1277 Hab.
415 1239 451 1274 in
475 1238 669 1274 montibus
695 1235 896 1282 topliaceis
931 1235 1087 1272 Pisidiae
1121 1235 1226 1272 circa
1256 1234 1458 1271 Bouldour
1482 1234 1697 1284 (Heldrl),
1725 1234 1762 1271 in
1788 1239 1917 1273 monte

229 1297 400 1347 Alidagh
443 1295 701 1345 Cappadociae
729 1294 879 1345 (Ball),
916 1294 953 1331 in
992 1294 1179 1332 Armenia
1216 1293 1493 1343 (Tournefl),
1532 1297 1570 1332 et
1608 1294 1713 1332 circa
1750 1293 1916 1332 'Portum

233 1358 350 1409 (Huet
368 1354 408 1410 l).

287 1424 547 1472 Semipedale,
573 1422 667 1461 folia
690 1422 883 1472 Polyyaloe
907 1420 1117 1468 cordisoliae
1141 1420 1211 1458 sed
1235 1419 1263 1459 4
1288 1421 1412 1458 lineas
1438 1423 1585 1459 tantum
1611 1422 1729 1470 longa
1743 1419 1913 1471 lataque.

228 1484 391 1523 Silicula
411 1481 439 1521 2
462 1484 585 1521 lineas
612 1483 743 1531 longa.

283 1651 364 1694 ΖΕ.
382 1647 692 1692 cordatum
720 1645 850 1702 (Desf.
881 1643 974 1687 Cor.
1009 1644 1092 1687 tab.
1124 1643 1179 1686 52
1207 1644 1284 1686 sub
1318 1644 1561 1702 Thlaspide)
1590 1643 1784 1688 caulibus
1810 1657 1910 1700 pau-

226 1708 286 1751 cis
313 1706 460 1763 rigidis
487 1706 616 1749 dense
644 1703 803 1748 follosis
829 1702 1194 1760 subsimplicibus,
1223 1702 1332 1746 foliis
1359 1702 1577 1746 sessilibus
1606 1702 1798 1759 rigidulis
1826 1702 1910 1745 del-

226 1764 577 1810 toideo-cordatis
603 1763 736 1807 acutis
763 1761 1041 1805 inferioribus
1068 1761 1295 1819 oppositis,
1331 1760 1509 1805 floribus
1543 1760 1789 1819 majusculis
1822 1762 1908 1803 sul-

225 1824 417 1883 phureis,
436 1822 663 1866 filamentis
690 1819 916 1873 edentulis,
946 1834 1115 1864 racemo
1133 1820 1352 1864 fructifero
1370 1820 1582 1876 elongato,
1610 1819 1773 1863 silicula
1791 1822 1910 1862 ovata

225 1884 343 1941 apice
368 1883 728 1925 truncato-retusa
754 1879 830 1922 alis
857 1892 1040 1935 superne
1068 1879 1334 1922 subdilatatis
1361 1879 1498 1922 loculo
1516 1877 1822 1923 sublatioribus
1841 1891 1909 1920 re-

224 1941 393 1999 pandis,
421 1941 524 1997 stylo
551 1939 725 1982 siliculae
752 1937 1074 1994 silbaequilongo
1102 1946 1138 1987 5.
1171 1937 1403 1995 Myayrum
1419 1937 1731 1994 chloroefolium
1748 1936 1814 1979 W.
1836 1936 1905 1993 Sp.

225 2001 300 2055 III,
329 2014 371 2057 p.
400 1997 510 2041 407!
542 1997 760 2040 Eunomia
785 1997 958 2039 cordata
987 2009 1053 2040 Dc.
1085 1996 1191 2054 Syst.
1224 1997 1276 2049 II,
1306 2010 1346 2053 p.
1377 1995 1477 2039 557.

284 2071 384 2109 Hab.
410 2071 448 2107 in
474 2070 588 2107 siccis
614 2069 786 2119 regionis
808 2068 948 2115 alpinae
969 2066 1104 2106 Cadmi
1130 2069 1167 2106 in
1200 2068 1317 2107 Caria
1354 2066 1542 2118 (Boissl),
1574 2068 1709 2117 Lyciae
1734 2068 1773 2105 in
1804 2078 1907 2105 mon-

225 2132 330 2169 tibus
369 2130 522 2167 Elmalu
550 2120 778 2180 (Bourgl),
820 2126 1015 2165 Armeniae
1047 2128 1313 2167 meridionalis
1351 2129 1454 2166 inter·
1484 2127 1645 2166 Ardana
1681 2131 1719 2166 et
1755 2126 1909 2174 Karput

223 2182 381 2241 (Noel),
407 2188 530 2237 Syriae
556 2187 695 2238 (Auch.
722 2198 803 2226 exs.
822 2184 969 2238 5522),
989 2187 1028 2224 in
1046 2187 1199 2227 Libano
1218 2187 1265 2226 a⁴l
1284 2187 1491 2226 Oedretum
1514 2190 1552 2226 et
1574 2186 1801 2226 Antilibano
1828 2183 1907 2238 (Ky

224 2261 306 2287 exs.
333 2246 475 2298 2921).

280 2313 523 2354 Praecedenti
548 2312 681 2351 habitu
706 2313 956 2363 simillimum,
981 2313 1098 2352 flores
1123 2313 1306 2364 majores,
1332 2313 1486 2352 silicula
1511 2312 1637 2351 minus
1660 2307 1832 2350 dentata.

280 2479 361 2522 ΑΞ.
388 2473 764 2525 Salmasium,
793 2470 986 2515 caulibus
1014 2471 1166 2515 erectis
1193 2471 1371 2525 foliosis,
1398 2470 1508 2514 foliis
1535 2469 1754 2513 sessilibus
1781 2470 1906 2512 alter-

222 2536 287 2579 nis
314 2532 551 2578 ncrvulosis
579 2530 857 2574 inferioribus
884 2530 1333 2586 oblongo-lanceolatis
1357 2529 1447 2573 basi
1464 2528 1704 2572 rotundatis
1721 2529 1784 2571 vel
1805 2528 1905 2571 sub-

225 2592 481 2645 attenuatis,
512 2589 806 2647 superioribus
833 2588 1056 2632 latioribus
1097 2588 1437 2645 ovato-oblongis
1476 2587 1687 2645 profunde
1722 2586 1906 2630 cordatis

221 2652 420 2697 omnibus
447 2648 599 2700 acutis,
633 2647 811 2691 floribus
839 2646 1126 2690 mediocribus
1154 2647 1415 2704 sulphureis,
1451 2646 1678 2689 filamentis
1706 2645 1905 2689 omnibus

220 2710 510 2762 filisormibus,
541 2720 710 2750 racemo
738 2705 956 2748 fructifero
984 2705 1116 2758 brevi,
1146 2705 1309 2749 silicula
1337 2705 1568 2749 obcordata
1594 2706 1716 2747 ovata
1742 2703 1818 2747 alis
1840 2717 1906 2746 ro-

220 2768 407 2813 tundatis
434 2764 721 2823 integerrimis
748 2763 865 2821 apice
893 2764 1029 2807 loculo
1057 2764 1283 2821 aequilatis,
1312 2765 1416 2821 stylo
1443 2763 1539 2807 sinu
1565 2762 1750 2819 longiori
1776 2769 1812 2812 5.

279 2841 380 2878 Hab.
402 2840 440 2876 in
465 2837 618 2876 saxosis
642 2837 691 2875 ad
715 2847 858 2885 pagum
882 2835 1026 2873 Temer
1050 2835 1211 2873 ditionis
1230 2835 1380 2873 Salmas
1404 2847 1514 2884 prov.
1541 2833 1789 2883 AderbidJan
1814 2834 1903 2871 Per-

222 2900 289 2939 siae
310 2894 501 2953 (Szowl).
