2021 3235
1003 151 1088 193 425

199 249 326 299 (Stev.
352 248 490 286 Hohen
509 246 518 286 Ι
535 248 569 297 ),
597 247 733 284 Persia
755 247 838 284 bor.
863 249 902 282 et
926 244 1087 282 australi
1111 235 1262 295 (Auchl
1293 241 1443 279 Buhse!
1470 241 1535 288 Ky
1551 237 1595 293 1),
1622 239 1886 277 Turkestania

197 309 246 346 ad
270 308 450 346 Buchara
472 307 670 357 (Lel1m!)‚
698 304 908 353 Affgllania
935 307 972 342 et
995 302 1223 341 Belutschia
1248 299 1384 351 (Griffl
1410 299 1610 351 Stocksl).
1634 299 1693 336 Fl.
1720 310 1825 336 vere.

257 373 334 412 Ar.
367 372 528 423 Geogr.
552 372 754 421 Hispania,
781 370 911 409 Gallia
936 365 1063 407 media
1085 372 1124 406 et
1146 367 1348 416 australis,
1376 366 1588 404 Germania
1612 365 1882 413 occidentalis,

199 434 342 472 Rossia
365 433 561 471 australis.

328 657 492 705 ORD.
526 657 589 703 V.
624 651 1124 702 FUMARIAGEAE.
1165 651 1256 697 Dc.
1292 650 1422 715 Syst.
1456 648 1531 709 11,
1559 668 1607 713 p.
1650 647 1774 696 105.

262 831 405 874 Flores
432 830 705 884 irregulares.
736 827 857 885 Calyx
884 826 1114 882 disepalus.
1148 824 1289 867 Petala
1314 823 1342 866 4
1367 822 1503 866 libera
1528 824 1593 866 vel
1620 822 1771 866 coalita
1790 822 1895 865 inae-

204 890 360 947 qualia.
406 888 594 931 Stamina
621 888 646 929 6
674 886 718 928 in
754 885 780 928 2
812 886 1044 942 phalanges
1078 882 1294 940 oppositas
1331 888 1427 924 ante
1460 881 1643 924 stamina
1686 881 1897 924 exteriora

207 950 308 992 sitas
335 947 486 990 coalita
513 945 701 989 antheris
728 944 900 999 cujusve
927 941 1150 1000 phalangis
1187 939 1433 983 lateralibus
1466 939 1805 983 unilocularihus
1834 939 1899 981 in-

206 1006 414 1050 termedia
455 1003 691 1047 biloculari.
722 1001 920 1045 Ovarium
957 1000 1222 1043 uniloculare
1250 998 1324 1041 uni
1346 999 1408 1041 vel
1444 999 1778 1055 pluriovulatum
1807 998 1897 1054 pla-

208 1065 340 1108 centis
367 1063 663 1121 parietalibus‚
682 1060 816 1104 ovulis
835 1059 1066 1115 anatropis.
1090 1058 1260 1101 Silicula
1277 1065 1609 1100 nucamentacea
1626 1056 1899 1099 indehiscens

206 1125 270 1167 vel
296 1123 450 1179 siliqua
477 1120 664 1163 bivalvis.
701 1119 887 1175 Embryo
928 1118 977 1160 ad
1022 1117 1143 1160 basin
1171 1115 1403 1159 albuminis
1431 1114 1710 1159 minutus.—
1743 1115 1900 1157 Herhae

209 1182 320 1225 foliis
346 1181 467 1224 valde
494 1179 653 1222 divisis.

610 1335 888 1383 commus
923 1334 1008 1396 (nc.
1045 1334 1105 1380 ri.
1135 1333 1202 1380 Fr.
1231 1333 1297 1396 lv,
1330 1347 1368 1394 p.
1405 1331 1521 1393 636).

269 1479 458 1521 Pelalum
484 1473 682 1531 superius
708 1472 799 1515 basi
832 1472 1112 1522 calcaraturn‚
1146 1470 1325 1512 inferius
1357 1470 1530 1526 planum
1557 1469 1621 1510 vel
1649 1481 1896 1510 concavum.

210 1537 445 1581 Staniinurn
473 1546 646 1591 synema
675 1530 872 1587 superius
898 1530 989 1572 basi
1017 1543 1219 1586 processu
1238 1527 1519 1571 calcariforini
1538 1534 1724 1569 auctum.
1745 1526 1903 1581 Stigma

211 1597 416 1639 hilcbum.
439 1592 616 1649 Cupsula
650 1590 920 1646 polysperma
946 1587 1119 1630 bivalvis
1148 1587 1273 1630 valvis
1301 1601 1324 1629 a
1350 1586 1556 1643 placentis
1573 1584 1901 1642 persistentibus

212 1654 376 1699 solutis.
407 1652 557 1695 Semen
586 1649 646 1705 <in
674 1647 851 1705 nostris)
881 1646 1111 1690 arillatum.

271 1802 394 1845 SECT.
426 1801 457 1843 Ι.
490 1799 793 1842 BULBOCAPNOS
821 1797 978 1840 Bernh.
1009 1796 1150 1838 Radia
1170 1795 1380 1848 tubewm,
1400 1795 1559 1837 racemi
1577 1794 1734 1849 florum
1752 1792 1902 1835 termi-

534 1858 675 1909 nates,
709 1856 996 1912 strophiolum
1028 1855 1310 1910 clz'yitis'orme.

593 1980 613 2036 ,ξ
645 1979 686 2021 1.
729 1978 866 2021 Tuber
892 1982 1039 2020 ovatus
1068 1976 1159 2018 basi
1185 1989 1270 2018 non
1296 1976 1477 2018 divisus.

390 2102 413 2124 ἃ
438 2100 553 2139 Folia
577 2100 731 2138 caulina
746 2098 941 2147 opposita.
962 2096 1092 2135 Caulis
1110 2096 1195 2134 basi
1219 2107 1295 2132 non
1313 2098 1614 2143 squamatus—
1626 2092 1729 2131 Sect.
1749 2091 1901 2130 Leonti-

509 2159 638 2258 τίοὲιέῗ
680 2170 835 2266 ζο.12-1
868 2157 966 2195 Gen.
1014 2151 1271 2205 Cryptoceras
1309 2153 1458 2192 Schott.
1499 2152 1600 2190 OEst.
1633 2153 1720 2191 Bot.
1761 2151 1899 2212 Wpoch.

646 2249 655 2267 ‚
710 2247 716 2254 .
838 2246 844 2254 .

275 2325 329 2369 C.
357 2322 654 2368 rutaeiolia
689 2319 845 2376 (Sihth.
888 2318 946 2361 Fl.
992 2317 1127 2361 Graec.
1166 2317 1252 2360 tab.
1280 2315 1375 2359 ³867
1405 2315 1483 2358 sub
1520 2314 1754 2370 Fumarici)
1791 2315 1901 2359 foliis

212 2381 397 2427 caulinis
412 2379 662 2424 brevissime
690 2377 899 2435 petiolatis
926 2378 988 2419 vel
1016 2375 1235 2419 sessilibus
1262 2373 1445 2417 trisectis
1472 2373 1702 2430 segmentis
1718 2373 1900 2430 petiolu-

211 2441 306 2485 latis
334 2439 467 2484 ovatis
492 2439 556 2481 vel
583 2434 920 2491 ovato-oblongis
947 2434 1141 2478 indivisis
1170 2432 1393 2490 tripartitis
1418 2433 1483 2475 vel
1511 2431 1710 2485 trisectis,
1738 2432 1900 2475 calcare

214 2500 366 2543 obtuso
403 2495 666 2541 extremitate
704 2492 977 2546 ascendenti,
1013 2493 1184 2549 capsula
1220 2493 1340 2534 ovata
1379 2490 1584 2547 pedicello
1612 2504 1792 2533 recurvo
1820 2503 1895 2533 nu-

214 2557 319 2601 tanti
356 2564 416 2606 26.
451 2555 499 2599 C.
530 2553 746 2610 rutoesolia
784 2560 825 2595 et
853 2551 900 2595 C.
930 2550 1220 2608 oppositifobia
1246 2562 1313 2593 Dc.
1343 2548 1451 2605 Syst.
1484 2548 1516 2601 Ι,
1545 2563 1586 2605 p.
1618 2547 1716 2591 1144.
1750 2547 1797 2591 C.
1827 2547 1900 2590 Lz'-

215 2616 408 2659 banotica
434 2614 609 2657 Hochst.
641 2612 684 2654 in
713 2611 869 2654 Lorent
893 2609 1049 2653 Wand.
1080 2623 1121 2666 p.
1153 2607 1253 2652 339.
1288 2606 1335 2651 C.
1367 2606 1540 2649 Erdeliz·
1573 2607 1745 2649 Zuccar.
1787 2606 1895 2649 Abh.

217 2674 386 2717 Miinch.
417 2673 544 2715 Acad.
581 2670 655 2724 ΙΙΙ,
688 2683 729 2726 p.
762 2668 871 2723 2502,
901 2668 987 2711 tab.
1024 2667 1066 2710 9.
1108 2665 1388 2723 Cryptoceras
1419 2666 1693 2722 rutefolium,
1725 2664 1771 2708 C.
1798 2665 1903 2721 pul-

215 2733 427 2785 chellum,
459 2729 506 2774 C.
536 2730 772 2772 modestum
799 2734 840 2771 et
875 2726 922 2770 C.
956 2739 1273 2783 purpurascens
1309 2723 1456 2767 Schott
1482 2730 1523 2766 et
1549 2724 1623 2782 Ky.
1666 2723 1710 2766 in
1747 2723 1896 2766 Tchih.

216 2791 287 2834 As.
318 2790 422 2834 min.
452 2788 541 2832 Bot.
573 2788 606 2841 Ι,
635 2801 677 2844 p.
706 2784 807 2830 359.

275 2862 377 2900 Hab.
403 2861 443 2899 in
468 2860 628 2908 regione
649 2858 782 2906 alpina
805 2856 855 2894 ad
880 2855 989 2893 nives
1024 2853 1351 2903 deliquescentes‚
1378 2851 1475 2890 Asia
1500 2852 1626 2890 minor
1646 2850 1790 2899 (Auch.
1818 2863 1899 2889 exs.

217 2918 398 2973 40551),
421 2917 538 2958 Caria
561 2918 600 2955 in
627 2920 755 2955 monte
787 2914 928 2953 Tmolo
963 2911 1104 2966 (Auch.
1129 2910 1241 2952 402!
1276 2908 1466 2964 Boisst),
1498 2910 1672 2961 Phrygia
1705 2910 1743 2948 in
1769 2912 1901 2948 monte
