2021 3235
879 141 957 185 221

143 254 245 292 Hah.
272 254 308 291 in
342 252 654 291 Transcaucasia
676 253 726 290 ad
751 253 861 290 Baku
888 251 1080 305 (O.A.M.)‚
1107 254 1144 291 in
1166 256 1261 293 urbe
1286 255 1498 295 Gandselia
1521 258 1704 306 (Szow3).

143 321 219 360 Ar.
252 320 413 372 Geogr.
446 322 658 370 Hispania,
687 321 821 359 Africa
843 322 1027 359 borealis.

436 477 726 526 MALcoumA
763 478 838 537 (n.
870 478 938 525 nr.
975 477 1081 527 new.
1123 479 1187 536 ιν,
1223 494 1260 541 p.
1298 479 1414 542 121).

141 631 261 689 Calyx
289 638 454 674 erectus
480 630 570 673 basi
598 629 772 687 {equalis
798 630 861 673 vel
888 630 1140 673 bisaccatus.
1173 631 1313 675 Petala
1345 633 1633 689 unguiculata.
1675 635 1764 679 Sta-

86 689 200 732 mina
226 689 358 732 libera
385 690 449 732 vel
474 689 614 732 rarius
641 688 805 745 majora
831 688 942 731 inter.
968 703 1011 731 se
1038 703 1115 745 per
1141 690 1259 746 paria
1292 691 1656 736 subconniventia.
1702 694 1765 737 Si·

85 748 199 802 liqua
226 749 420 803 elongata
446 756 558 791 teres
585 761 696 804 saepe
724 747 841 790 tarde
868 747 1092 790 dehiscens
1121 747 1163 790 in
1190 748 1342 805 stigma
1370 750 1509 794 rarius
1537 752 1764 808 capitatum

85 806 238 864 saepius
264 806 433 849 laminis
460 807 502 849 in
530 820 685 849 conum
713 805 906 848 connatis
933 812 1104 848 acutum
1132 807 1288 850 sensim
1315 809 1557 852 attenuatis.
1597 810 1767 854 Semina

84 865 314 908 uniseriata
343 865 559 908 rarissime
587 864 788 908 biseriata
815 864 1012 920 oblonga.
1057 863 1229 921 Septum
1263 867 1425 909 cellulis
1453 867 1641 912 minimis
1665 883 1766 912 con-

84 930 197 966 stans
224 931 369 967 centro
396 924 618 966 fibrosum.
649 950 706 953 —
738 922 890 965 Herba}
925 936 1094 980 semper
1130 937 1283 967 annua}
1320 925 1497 969 floribus
1535 928 1666 970 roseis
1705 929 1766 971 vel

83 982 205 1035 albis,
240 981 282 1024 in
309 982 365 1025 M.
397 982 686 1039 conrinqioide
712 981 844 1024 ssavis.
875 1007 932 1012 —
958 981 1099 1024 Genus
1126 985 1317 1026 naturale
1345 984 1418 1027 sed
1447 985 1766 1029 characteribus

83 1040 253 1083 difficile
273 1040 731 1093 circumscribendum,
760 1055 784 1083 a
810 1039 1050 1095 sisymbrio
1077 1040 1240 1097 siliquis
1268 1041 1310 1084 in
1338 1042 1490 1098 stigma
1517 1045 1674 1087 sensim
1704 1051 1765 1088 at-

81 1099 265 1142 tenuatis
292 1113 370 1142 nec
396 1100 502 1157 stylo
528 1098 728 1142 distincto
755 1099 964 1155 superatis
993 1105 1033 1141 et
1067 1100 1172 1155 septi
1206 1104 1358 1143 natura
1393 1101 1656 1145 distinctum.
1703 1104 1760 1145 M.

81 1158 263 1200 blnervis
289 1163 327 1201 et
350 1158 566 1215 pulch-ella
584 1158 690 1215 stylo
709 1156 906 1200 distincto
929 1164 967 1200 et
988 1157 1183 1213 stigmate
1201 1159 1382 1216 capitato
1401 1160 1576 1203 omnino
1595 1161 1763 1217 Sisym-

82 1216 175 1259 bria
209 1224 350 1259 essent
377 1216 450 1259 sed
477 1215 681 1259 affinitate
709 1215 946 1259 arctissima
973 1230 1069 1258 cum
1096 1216 1189 1259 aliis
1218 1217 1441 1274 speciebus
1469 1219 1658 1275 ejusdem
1694 1234 1766 1276 ag-

82 1274 208 1317 minis
225 1275 557 1331 coniunguntur.
587 1274 785 1331 Hesperis
811 1288 946 1331 genus
972 1275 1091 1317 valde
1118 1275 1244 1319 affine
1271 1276 1411 1319 differt
1436 1277 1582 1320 habitu
1609 1278 1763 1331 alieno,

83 1333 277 1389 stigmate
305 1333 349 1375 in
376 1333 402 1376 2
428 1333 607 1376 laminas
634 1333 806 1376 obtusas
839 1340 1004 1376 erectas
1031 1332 1144 1376 fisso.

83 1482 102 1538 ἓ
120 1481 138 1524 l
191 1482 686 1537 Sisymlorioideae.
713 1480 852 1537 Calyoe
870 1481 1102 1524 bisacculus
1119 1480 1183 1523 vel
1198 1482 1472 1539 subaequalis.
1498 1482 1670 1540 siliqua
1687 1486 1764 1528 cito

287 1541 500 1584 dehiscens
532 1542 643 1597 stylo
674 1541 910 1598 cylindrico
935 1540 988 1582 ab
1014 1541 1062 1582 eci
1093 1540 1295 1583 distincto
1325 1542 1561 1598 apiculam.
1596 1543 1764 1599 Sliqmoe

286 1600 495 1642 obtusum.
532 1600 710 1657 Septum
740 1600 877 1655 fascini
910 1599 999 1641 latei
1022 1599 1085 1640 vel
1111 1599 1142 1641 2
1163 1600 1310 1654 parvis
1332 1601 1558 1656 parallelis
1584 1616 1762 1658 percur—

283 1672 380 1700 sum
426 1659 581 1701 areolis
622 1658 873 1714 majusculis
917 1656 1219 1713 irrequlart'ter
1259 1659 1764 1704 reticulato-asnastomo-

284 1717 495 1759 sentibus„

139 1849 207 1892 M.
235 1848 562 1903 parviilora
599 1848 682 1903 (Dc.
714 1846 822 1904 Syst.
856 1846 910 1899 ll,
939 1860 980 1902 p.
1012 1845 1114 1903 442>
1155 1847 1266 1903 pube
1303 1848 1460 1891 stellata
1497 1851 1610 1894 molli
1647 1851 1761 1895 brevi

83 1905 270 1959 cinerea,
301 1905 409 1949 foliis
438 1904 877 1961 oblongo-linearibus
905 1905 1067 1948 obtusis
1095 1905 1371 1961 subintegris‚
1401 1907 1604 1963 pedicello
1623 1911 1763 1968 calyce

80 1964 169 2007 basi
198 1964 432 2022 subaequali
461 1964 746 2017 subbreviori‚
786 1963 935 2020 petalis
962 1962 1169 2017 obovatis,
1204 1963 1367 2020 siliquis
1393 1966 1623 2020 gracilibus
1643 1975 1759 2011 toru-

80 2023 196 2077 losis,
240 2024 343 2080 stylo
380 2022 613 2080 cylindrico
650 2022 767 2065 tenui
801 2021 905 2065 latit.
942 2021 1106 2079 siliquae
1139 2022 1321 2078 longiori
1350 2023 1467 2080 apice
1496 2024 1626 2068 bifido
1652 2027 1759 2070 lobis

80 2080 404 2124 conniventibus
436 2087 504 2182 (ἐξ.)
531 2080 730 2138 Hesperis
753 2080 993 2137 parviflora
1020 2093 1087 2123 Dc.
1119 2079 1179 2122 Fl.
1212 2080 1281 2122 Fr.
1311 2080 1379 2135 lv,
1408 2096 1447 2138 p.
1479 2082 1577 2126 654.
1610 2085 1665 2127 Ic.
1698 2085 1759 2128 Pl.

80 2139 182 2183 Gall.
214 2153 299 2182 rar.
331 2139 416 2182 tab.
511 2174 518 2182 .

137 2212 238 2249 Hab.
264 2212 301 2248 in
327 2211 454 2249 arenis
477 2211 680 2248 maritimis
703 2209 967 2258 Peloponnesi
992 2207 1164 2259 (Gittard
1188 2209 1225 2247 in
1251 2209 1359 2247 herb.
1394 2209 1550 2249 Fauche
1568 2211 1612 2262 i).

135 2278 264 2317 Dubia
287 2278 395 2324 civis,
422 2291 508 2316 nam
531 2281 671 2327 praeter
695 2278 892 2327 specimen
912 2277 1069 2315 citatum
1095 2288 1179 2313 eam
1204 2289 1224 2315 e
1242 2276 1388 2314 ditione
1405 2289 1479 2315 non
1497 2279 1575 2317 vidi
1595 2283 1632 2318 et
1647 2280 1762 2318 sche-

84 2337 183 2376 dulis
203 2339 249 2377 cl.
275 2337 429 2376 Gittard
455 2338 552 2376 fides
575 2350 651 2376 non
677 2348 833 2386 semper
858 2336 1054 2374 habenda.

137 2401 214 2441 Ar.
247 2408 407 2454 Geogr.
426 2404 556 2443 Gallia
578 2404 773 2453 australis,
795 2402 956 2441 Corsica
977 2406 1015 2440 et
1037 2401 1230 2452 Sardinia,
1255 2414 1417 2450 regnum
1443 2403 1762 2452 Neapolitanum.

137 2560 206 2603 M.
224 2558 490 2611 confusa,
519 2556 630 2614 pube
657 2556 818 2600 stellata
845 2553 961 2597 brevi
991 2554 1104 2597 molli
1132 2553 1318 2606 cinerea,
1345 2553 1455 2596 foliis
1482 2554 1657 2597 minutis
1683 2555 1759 2599 ob-

80 2611 217 2673 longis
233 2617 295 2659 vel
313 2614 751 2670 oblongo-linearibus
779 2612 956 2667 integris
982 2612 1046 2655 vel
1073 2612 1370 2667 subrepandis‚
1399 2612 1602 2668 pedicello
1630 2613 1759 2670 calyci

80 2675 371 2718 subbisaccato
399 2674 740 2731 subaequiffingo,
770 2670 918 2728 petalis
945 2669 1151 2723 obovatis,
1181 2668 1344 2726 siliquis
1370 2670 1616 2724 gracillimis
1645 2679 1760 2713 toru-

80 2733 196 2787 losis,
225 2734 331 2790 stylo
358 2732 591 2790 cylindrico
618 2731 782 2787 siliquae
810 2729 913 2772 latit.
945 2728 1228 2780 subbreviori,
1259 2728 1453 2783 stigmate
1482 2735 1675 2771 truncato
1694 2743 1759 2771 re-

79 2798 171 2835 tuso
201 2798 266 2843 (3).
297 2790 384 2834 Sis.
405 2804 571 2834 nanum
597 2789 754 2834 Cosson
781 2788 884 2830 Bull.
915 2786 1007 2829 Soc.
1040 2786 1129 2829 Bot.
1162 2785 1230 2827 Fr.
1262 2786 1312 2839 X,
1342 2799 1381 2841 p.
1405 2784 1487 2829 397
1516 2800 1563 2829 ex
1591 2793 1725 2843 parte.

135 2861 237 2898 Hab.
273 2860 312 2897 in
336 2860 511 2898 arenosis
544 2859 745 2897 maritimis
776 2856 934 2894 AEtoliae
970 2855 1020 2892 ad
1044 2854 1300 2902 Missolonghi
1322 2854 1575 2905 (Niederl),
1607 2856 1759 2903 AEginae

76 2919 272 2969 (Sprun!)‚
297 2918 489 2957 Anatoliae
510 2917 560 2955 ad
580 2917 745 2955 Samsun
777 2912 943 2969 (Tchihl
975 2913 1151 2951 Wiedem
1166 2914 1207 2958 l).
