<?xml version="1.0" encoding="UTF-8"?>
<!DOCTYPE html PUBLIC "-//W3C//DTD XHTML 1.0 Transitional//EN"
    "http://www.w3.org/TR/xhtml1/DTD/xhtml1-transitional.dtd">
<html xmlns="http://www.w3.org/1999/xhtml" xml:lang="en" lang="en">
 <head>
  <title>
</title>
<meta http-equiv="Content-Type" content="text/html;charset=utf-8" />
  <meta name='ocr-system' content='tesseract 3.04.00' />
  <meta name='ocr-capabilities' content='ocr_page ocr_carea ocr_par ocr_line ocrx_word'/>
</head>
<body>
  <div class='ocr_page' id='page_1' title='image "./floraorientaliss01bois_0159.png"; bbox 0 0 2021 3235; ppageno 0'>
   <div class='ocr_carea' id='block_1_1' title="bbox 867 161 952 204">
    <p class='ocr_par' dir='ltr' id='par_1_1' title="bbox 867 161 952 204">
     <span class='ocr_line' id='line_1_1' title="bbox 867 161 952 204; baseline 0 0"><span class='ocrx_word' id='word_1_1' title='bbox 867 161 952 204; x_wconf 83' lang='lat'>115</span> 
     </span>
    </p>
   </div>
   <div class='ocr_carea' id='block_1_2' title="bbox 73 255 1746 430">
    <p class='ocr_par' dir='ltr' id='par_1_2' title="bbox 73 255 1746 430">
     <span class='ocr_line' id='line_1_2' title="bbox 127 255 1741 312; baseline 0.005 -17"><span class='ocrx_word' id='word_1_2' title='bbox 127 256 267 296; x_wconf 78' lang='lat' dir='ltr'>Gaules</span> <span class='ocrx_word' id='word_1_3' title='bbox 288 258 544 296; x_wconf 79' lang='lat' dir='ltr'>ascendentes</span> <span class='ocrx_word' id='word_1_4' title='bbox 567 256 596 296; x_wconf 80' lang='lat'>4</span> <span class='ocrx_word' id='word_1_5' title='bbox 615 255 642 296; x_wconf 84' lang='lat'>5</span> <span class='ocrx_word' id='word_1_6' title='bbox 668 258 887 305; x_wconf 83' lang='lat' dir='ltr'>pollicares‚</span> <span class='ocrx_word' id='word_1_7' title='bbox 914 258 985 297; x_wconf 89' lang='lat' dir='ltr'>flos</span> <span class='ocrx_word' id='word_1_8' title='bbox 1014 271 1138 307; x_wconf 88' lang='lat' dir='ltr'>magn.</span> <span class='ocrx_word' id='word_1_9' title='bbox 1169 260 1215 299; x_wconf 88' lang='grc' dir='ltr'>Ρ.</span> <span class='ocrx_word' id='word_1_10' title='bbox 1248 262 1359 300; x_wconf 77' lang='lat' dir='ltr'><em>dubii</em></span> <span class='ocrx_word' id='word_1_11' title='bbox 1385 275 1407 300; x_wconf 91' lang='lat' dir='ltr'>a</span> <span class='ocrx_word' id='word_1_12' title='bbox 1426 275 1500 311; x_wconf 90' lang='lat' dir='ltr'>quo</span> <span class='ocrx_word' id='word_1_13' title='bbox 1524 268 1666 312; x_wconf 74' lang='lat' dir='ltr'>praeter</span> <span class='ocrx_word' id='word_1_14' title='bbox 1690 266 1741 302; x_wconf 91' lang='lat' dir='ltr'>la-</span> 
     </span>
     <span class='ocr_line' id='line_1_3' title="bbox 73 316 1746 373; baseline 0.004 -19"><span class='ocrx_word' id='word_1_15' title='bbox 73 317 194 355; x_wconf 87' lang='lat' dir='ltr'>cinias</span> <span class='ocrx_word' id='word_1_16' title='bbox 219 318 415 355; x_wconf 84' lang='lat' dir='ltr'>tenuiores</span> <span class='ocrx_word' id='word_1_17' title='bbox 449 318 577 354; x_wconf 85' lang='lat' dir='ltr'>differt</span> <span class='ocrx_word' id='word_1_18' title='bbox 613 316 786 354; x_wconf 85' lang='lat' dir='ltr'>antheris</span> <span class='ocrx_word' id='word_1_19' title='bbox 822 317 1029 366; x_wconf 67' lang='lat' dir='ltr'>brevibus,</span> <span class='ocrx_word' id='word_1_20' title='bbox 1057 320 1218 367; x_wconf 78' lang='lat' dir='ltr'>capsula</span> <span class='ocrx_word' id='word_1_21' title='bbox 1250 321 1359 358; x_wconf 89' lang='lat' dir='ltr'>brevi</span> <span class='ocrx_word' id='word_1_22' title='bbox 1381 317 1457 362; x_wconf 83' lang='grc'>5-6</span> <span class='ocrx_word' id='word_1_23' title='bbox 1482 323 1604 361; x_wconf 89' lang='lat' dir='ltr'>lineas</span> <span class='ocrx_word' id='word_1_24' title='bbox 1628 325 1746 373; x_wconf 70' lang='lat' dir='ltr'>longa</span> 
     </span>
     <span class='ocr_line' id='line_1_4' title="bbox 73 372 1510 430; baseline 0.003 -15"><span class='ocrx_word' id='word_1_25' title='bbox 73 377 183 425; x_wconf 82' lang='lat' dir='ltr'>apice</span> <span class='ocrx_word' id='word_1_26' title='bbox 207 372 303 429; x_wconf 78' lang='lat' dir='ltr'>4¹s2</span> <span class='ocrx_word' id='word_1_27' title='bbox 328 377 421 414; x_wconf 79' lang='lat' dir='ltr'>lata.</span> <span class='ocrx_word' id='word_1_28' title='bbox 450 376 616 414; x_wconf 85' lang='lat' dir='ltr'>Habitus</span> <span class='ocrx_word' id='word_1_29' title='bbox 641 376 683 412; x_wconf 89' lang='lat' dir='ltr'>P.</span> <span class='ocrx_word' id='word_1_30' title='bbox 709 376 906 424; x_wconf 72' lang='lat' dir='ltr'>tenuisolz&#39;i</span> <span class='ocrx_word' id='word_1_31' title='bbox 931 372 988 430; x_wconf 80' lang='lat' dir='ltr'>(v,</span> <span class='ocrx_word' id='word_1_32' title='bbox 1016 388 1047 414; x_wconf 81' lang='lat' dir='ltr'>s,</span> <span class='ocrx_word' id='word_1_33' title='bbox 1073 378 1111 414; x_wconf 88' lang='lat' dir='ltr'>in</span> <span class='ocrx_word' id='word_1_34' title='bbox 1135 378 1244 417; x_wconf 90' lang='lat' dir='ltr'>herb.</span> <span class='ocrx_word' id='word_1_35' title='bbox 1271 380 1367 417; x_wconf 91' lang='lat' dir='ltr'>Mus.</span> <span class='ocrx_word' id='word_1_36' title='bbox 1392 382 1510 427; x_wconf 66' lang='lat' dir='ltr'>Pan).</span> 
     </span>
    </p>
   </div>
   <div class='ocr_carea' id='block_1_3' title="bbox 76 509 1754 992">
    <p class='ocr_par' dir='ltr' id='par_1_3' title="bbox 76 509 1752 799">
     <span class='ocr_line' id='line_1_5' title="bbox 145 509 1747 569; baseline 0.002 -15"><span class='ocrx_word' id='word_1_37' title='bbox 145 512 202 554; x_wconf 91' lang='lat' dir='ltr'>P.</span> <span class='ocrx_word' id='word_1_38' title='bbox 235 510 481 555; x_wconf 88' lang='lat' dir='ltr'>dubium</span> <span class='ocrx_word' id='word_1_39' title='bbox 508 510 568 565; x_wconf 88' lang='lat' dir='ltr'>(L.</span> <span class='ocrx_word' id='word_1_40' title='bbox 599 509 664 566; x_wconf 87' lang='lat' dir='ltr'>Sp.</span> <span class='ocrx_word' id='word_1_41' title='bbox 695 509 795 558; x_wconf 65' lang='lat'>726&gt;</span> <span class='ocrx_word' id='word_1_42' title='bbox 823 510 873 552; x_wconf 90' lang='lat' dir='ltr'>ad</span> <span class='ocrx_word' id='word_1_43' title='bbox 903 511 1043 553; x_wconf 87' lang='lat' dir='ltr'>caules</span> <span class='ocrx_word' id='word_1_44' title='bbox 1071 511 1235 554; x_wconf 88' lang='lat' dir='ltr'>inscrne</span> <span class='ocrx_word' id='word_1_45' title='bbox 1270 515 1409 569; x_wconf 83' lang='lat' dir='ltr'>patule</span> <span class='ocrx_word' id='word_1_46' title='bbox 1443 514 1492 556; x_wconf 88' lang='lat' dir='ltr'>ad</span> <span class='ocrx_word' id='word_1_47' title='bbox 1536 515 1633 557; x_wconf 86' lang='lat' dir='ltr'>folia</span> <span class='ocrx_word' id='word_1_48' title='bbox 1676 516 1747 557; x_wconf 87' lang='lat' dir='ltr'>ad-</span> 
     </span>
     <span class='ocr_line' id='line_1_6' title="bbox 76 567 1748 628; baseline 0.003 -17"><span class='ocrx_word' id='word_1_49' title='bbox 76 582 220 625; x_wconf 84' lang='lat' dir='ltr'>presse</span> <span class='ocrx_word' id='word_1_50' title='bbox 256 569 511 622; x_wconf 89' lang='lat' dir='ltr'>setulosum,</span> <span class='ocrx_word' id='word_1_51' title='bbox 539 568 649 611; x_wconf 89' lang='lat' dir='ltr'>foliis</span> <span class='ocrx_word' id='word_1_52' title='bbox 686 568 726 610; x_wconf 92' lang='lat' dir='ltr'>in</span> <span class='ocrx_word' id='word_1_53' title='bbox 767 567 940 610; x_wconf 86' lang='lat' dir='ltr'>lacinias</span> <span class='ocrx_word' id='word_1_54' title='bbox 976 569 1403 614; x_wconf 86' lang='lat' dir='ltr'>lineari-lanceolatas</span> <span class='ocrx_word' id='word_1_55' title='bbox 1442 572 1648 628; x_wconf 86' lang='lat' dir='ltr'>pinnatim</span> <span class='ocrx_word' id='word_1_56' title='bbox 1689 575 1748 616; x_wconf 90' lang='lat' dir='ltr'>vel</span> 
     </span>
     <span class='ocr_line' id='line_1_7' title="bbox 76 626 1749 687; baseline 0.003 -18"><span class='ocrx_word' id='word_1_57' title='bbox 76 627 328 684; x_wconf 86' lang='lat' dir='ltr'>bipinnatim</span> <span class='ocrx_word' id='word_1_58' title='bbox 356 627 538 683; x_wconf 84' lang='lat' dir='ltr'>partitis,</span> <span class='ocrx_word' id='word_1_59' title='bbox 557 626 709 683; x_wconf 89' lang='lat' dir='ltr'>sepalis</span> <span class='ocrx_word' id='word_1_60' title='bbox 737 626 950 679; x_wconf 87' lang='lat' dir='ltr'>setulosis,</span> <span class='ocrx_word' id='word_1_61' title='bbox 980 628 1127 683; x_wconf 87' lang='lat' dir='ltr'>petalis</span> <span class='ocrx_word' id='word_1_62' title='bbox 1154 629 1481 672; x_wconf 87' lang='lat' dir='ltr'>suborbiculatis</span> <span class='ocrx_word' id='word_1_63' title='bbox 1508 632 1749 687; x_wconf 58' lang='lat' dir='ltr'>purpureis,</span> 
     </span>
     <span class='ocr_line' id='line_1_8' title="bbox 77 684 1752 744; baseline 0.002 -16"><span class='ocrx_word' id='word_1_64' title='bbox 77 685 265 729; x_wconf 88' lang='lat' dir='ltr'>antheris</span> <span class='ocrx_word' id='word_1_65' title='bbox 291 685 504 741; x_wconf 80' lang='lat' dir='ltr'>oblongis,</span> <span class='ocrx_word' id='word_1_66' title='bbox 532 685 703 742; x_wconf 74' lang='lat' dir='ltr'>capsula</span> <span class='ocrx_word' id='word_1_67' title='bbox 728 684 1095 740; x_wconf 80' lang='lat' dir='ltr'>oblongo-clavata</span> <span class='ocrx_word' id='word_1_68' title='bbox 1121 686 1210 729; x_wconf 87' lang='lat' dir='ltr'>basi</span> <span class='ocrx_word' id='word_1_69' title='bbox 1235 691 1465 741; x_wconf 81' lang='lat' dir='ltr'>attenuata,</span> <span class='ocrx_word' id='word_1_70' title='bbox 1487 689 1625 744; x_wconf 82' lang='lat' dir='ltr'>stigm.</span> <span class='ocrx_word' id='word_1_71' title='bbox 1647 689 1752 731; x_wconf 79' lang='grc'>8-10</span> 
     </span>
     <span class='ocr_line' id='line_1_9' title="bbox 82 743 577 799; baseline 0.002 -14"><span class='ocrx_word' id='word_1_72' title='bbox 82 750 146 796; x_wconf 72' lang='grc' dir='ltr'>Ε).</span> <span class='ocrx_word' id='word_1_73' title='bbox 181 743 312 786; x_wconf 88' lang='lat' dir='ltr'>Rchb.</span> <span class='ocrx_word' id='word_1_74' title='bbox 344 744 414 799; x_wconf 81' lang='lat' dir='ltr'>fig.</span> <span class='ocrx_word' id='word_1_75' title='bbox 446 743 577 797; x_wconf 88' lang='grc'>4477,</span> 
     </span>
    </p>

    <p class='ocr_par' dir='ltr' id='par_1_4' title="bbox 78 812 1754 919">
     <span class='ocr_line' id='line_1_10' title="bbox 136 812 1754 868; baseline 0.002 -17"><span class='ocrx_word' id='word_1_76' title='bbox 136 814 236 852; x_wconf 90' lang='lat' dir='ltr'>Hab.</span> <span class='ocrx_word' id='word_1_77' title='bbox 263 814 300 851; x_wconf 93' lang='lat' dir='ltr'>in</span> <span class='ocrx_word' id='word_1_78' title='bbox 335 814 449 852; x_wconf 83' lang='lat' dir='ltr'>cultis</span> <span class='ocrx_word' id='word_1_79' title='bbox 484 814 647 853; x_wconf 82' lang='lat' dir='ltr'>Graeciae</span> <span class='ocrx_word' id='word_1_80' title='bbox 683 812 753 864; x_wconf 78' lang='lat' dir='ltr'>(ex</span> <span class='ocrx_word' id='word_1_81' title='bbox 787 813 958 864; x_wconf 83' lang='lat' dir='ltr'>Sibth.),</span> <span class='ocrx_word' id='word_1_82' title='bbox 983 814 1140 852; x_wconf 84' lang='lat' dir='ltr'>Tauriae</span> <span class='ocrx_word' id='word_1_83' title='bbox 1176 814 1405 867; x_wconf 74' lang='lat' dir='ltr'>(Stevenl),</span> <span class='ocrx_word' id='word_1_84' title='bbox 1449 816 1614 855; x_wconf 83' lang='lat' dir='ltr'>Caucasi</span> <span class='ocrx_word' id='word_1_85' title='bbox 1650 815 1754 868; x_wconf 83' lang='grc' dir='ltr'>(ΜΒ.</span> 
     </span>
     <span class='ocr_line' id='line_1_11' title="bbox 78 873 230 919; baseline -0.007 -8"><span class='ocrx_word' id='word_1_86' title='bbox 78 873 230 919; x_wconf 89' lang='lat' dir='ltr'>Hoh!).</span> 
     </span>
    </p>

    <p class='ocr_par' dir='ltr' id='par_1_5' title="bbox 138 936 784 992">
     <span class='ocr_line' id='line_1_12' title="bbox 138 936 784 992; baseline -0.002 -13"><span class='ocrx_word' id='word_1_87' title='bbox 138 938 183 991; x_wconf 83' lang='grc' dir='ltr'>β.</span> <span class='ocrx_word' id='word_1_88' title='bbox 212 936 475 992; x_wconf 75' lang='lat' dir='ltr'>albiflorum.</span> <span class='ocrx_word' id='word_1_89' title='bbox 508 937 649 979; x_wconf 86' lang='lat' dir='ltr'>Petala</span> <span class='ocrx_word' id='word_1_90' title='bbox 676 936 784 979; x_wconf 87' lang='lat' dir='ltr'>alba.</span> 
     </span>
    </p>
   </div>
   <div class='ocr_carea' id='block_1_4' title="bbox 139 1006 1759 1123">
    <p class='ocr_par' dir='ltr' id='par_1_6' title="bbox 139 1006 1759 1123">
     <span class='ocr_line' id='line_1_13' title="bbox 139 1006 1759 1061; baseline 0.002 -16"><span class='ocrx_word' id='word_1_91' title='bbox 139 1009 226 1046; x_wconf 87' lang='lat' dir='ltr'>Hab</span> <span class='ocrx_word' id='word_1_92' title='bbox 251 1007 289 1045; x_wconf 91' lang='lat' dir='ltr'>in</span> <span class='ocrx_word' id='word_1_93' title='bbox 312 1008 474 1056; x_wconf 88' lang='lat' dir='ltr'>regione</span> <span class='ocrx_word' id='word_1_94' title='bbox 506 1008 636 1046; x_wconf 73' lang='lat' dir='ltr'>media</span> <span class='ocrx_word' id='word_1_95' title='bbox 659 1007 801 1045; x_wconf 87' lang='lat' dir='ltr'>montis</span> <span class='ocrx_word' id='word_1_96' title='bbox 824 1006 1022 1045; x_wconf 86' lang='lat' dir='ltr'>Korthiati</span> <span class='ocrx_word' id='word_1_97' title='bbox 1043 1008 1282 1046; x_wconf 85' lang='lat' dir='ltr'>Macedoniae</span> <span class='ocrx_word' id='word_1_98' title='bbox 1305 1008 1445 1058; x_wconf 83' lang='lat' dir='ltr'>(orph.</span> <span class='ocrx_word' id='word_1_99' title='bbox 1474 1022 1554 1048; x_wconf 84' lang='lat' dir='ltr'>exs.</span> <span class='ocrx_word' id='word_1_100' title='bbox 1582 1009 1759 1061; x_wconf 75' lang='lat'>56051).</span> 
     </span>
     <span class='ocr_line' id='line_1_14' title="bbox 141 1072 715 1123; baseline 0 -12"><span class='ocrx_word' id='word_1_101' title='bbox 141 1072 216 1112; x_wconf 82' lang='lat' dir='ltr'>Ar.</span> <span class='ocrx_word' id='word_1_102' title='bbox 251 1072 413 1123; x_wconf 85' lang='lat' dir='ltr'>Geogr.</span> <span class='ocrx_word' id='word_1_103' title='bbox 439 1074 598 1122; x_wconf 86' lang='lat' dir='ltr'>Europa</span> <span class='ocrx_word' id='word_1_104' title='bbox 619 1076 715 1111; x_wconf 86' lang='lat' dir='ltr'>tota.</span> 
     </span>
    </p>
   </div>
   <div class='ocr_carea' id='block_1_5' title="bbox 84 1204 1762 1621">
    <p class='ocr_par' dir='ltr' id='par_1_7' title="bbox 84 1204 1761 1495">
     <span class='ocr_line' id='line_1_15' title="bbox 141 1204 1758 1264; baseline 0 -15"><span class='ocrx_word' id='word_1_105' title='bbox 141 1206 198 1249; x_wconf 93' lang='lat' dir='ltr'>P.</span> <span class='ocrx_word' id='word_1_106' title='bbox 231 1208 698 1250; x_wconf 79' lang='lat' dir='ltr'>macrostomum</span> <span class='ocrx_word' id='word_1_107' title='bbox 740 1204 876 1261; x_wconf 88' lang='lat' dir='ltr'>(Boiss</span> <span class='ocrx_word' id='word_1_108' title='bbox 908 1211 948 1247; x_wconf 91' lang='lat' dir='ltr'>et</span> <span class='ocrx_word' id='word_1_109' title='bbox 983 1204 1094 1247; x_wconf 84' lang='lat' dir='ltr'>Huet</span> <span class='ocrx_word' id='word_1_110' title='bbox 1120 1205 1162 1246; x_wconf 90' lang='lat' dir='ltr'>in</span> <span class='ocrx_word' id='word_1_111' title='bbox 1196 1205 1345 1248; x_wconf 88' lang='lat' dir='ltr'>Sched.</span> <span class='ocrx_word' id='word_1_112' title='bbox 1377 1207 1432 1262; x_wconf 87' lang='lat' dir='ltr'>pl.</span> <span class='ocrx_word' id='word_1_113' title='bbox 1483 1207 1591 1250; x_wconf 90' lang='lat' dir='ltr'>Huet</span> <span class='ocrx_word' id='word_1_114' title='bbox 1628 1206 1758 1264; x_wconf 85' lang='grc'>1855)</span> 
     </span>
     <span class='ocr_line' id='line_1_16' title="bbox 84 1263 1761 1321; baseline 0.001 -15"><span class='ocrx_word' id='word_1_115' title='bbox 84 1263 249 1307; x_wconf 88' lang='lat' dir='ltr'>inferne</span> <span class='ocrx_word' id='word_1_116' title='bbox 275 1265 416 1321; x_wconf 87' lang='lat' dir='ltr'>patule</span> <span class='ocrx_word' id='word_1_117' title='bbox 450 1263 501 1306; x_wconf 91' lang='lat' dir='ltr'>ad</span> <span class='ocrx_word' id='word_1_118' title='bbox 529 1264 791 1320; x_wconf 88' lang='lat' dir='ltr'>pedunculos</span> <span class='ocrx_word' id='word_1_119' title='bbox 818 1263 1018 1319; x_wconf 87' lang='lat' dir='ltr'>adpresse</span> <span class='ocrx_word' id='word_1_120' title='bbox 1053 1264 1310 1316; x_wconf 82' lang='lat' dir='ltr'>setulosum,</span> <span class='ocrx_word' id='word_1_121' title='bbox 1340 1264 1447 1307; x_wconf 85' lang='lat' dir='ltr'>follis</span> <span class='ocrx_word' id='word_1_122' title='bbox 1476 1264 1518 1307; x_wconf 91' lang='lat' dir='ltr'>in</span> <span class='ocrx_word' id='word_1_123' title='bbox 1547 1273 1761 1321; x_wconf 81' lang='lat' dir='ltr'>segmenta</span> 
     </span>
     <span class='ocr_line' id='line_1_17' title="bbox 84 1321 1759 1378; baseline 0.001 -13"><span class='ocrx_word' id='word_1_124' title='bbox 84 1321 521 1365; x_wconf 73' lang='lat' dir='ltr'>lanceolam-linearia</span> <span class='ocrx_word' id='word_1_125' title='bbox 554 1329 676 1365; x_wconf 85' lang='lat' dir='ltr'>acuta</span> <span class='ocrx_word' id='word_1_126' title='bbox 716 1321 1034 1378; x_wconf 86' lang='lat' dir='ltr'>pinnatisectis,</span> <span class='ocrx_word' id='word_1_127' title='bbox 1071 1322 1219 1377; x_wconf 88' lang='lat' dir='ltr'>petalis</span> <span class='ocrx_word' id='word_1_128' title='bbox 1263 1328 1498 1366; x_wconf 70' lang='lat' dir='ltr'>transverse</span> <span class='ocrx_word' id='word_1_129' title='bbox 1538 1324 1759 1367; x_wconf 87' lang='lat' dir='ltr'>latioribus</span> 
     </span>
     <span class='ocr_line' id='line_1_18' title="bbox 86 1379 1759 1438; baseline 0.001 -15"><span class='ocrx_word' id='word_1_130' title='bbox 86 1380 313 1437; x_wconf 83' lang='lat' dir='ltr'>purpureis</span> <span class='ocrx_word' id='word_1_131' title='bbox 340 1380 430 1424; x_wconf 86' lang='lat' dir='ltr'>basi</span> <span class='ocrx_word' id='word_1_132' title='bbox 458 1381 696 1434; x_wconf 82' lang='lat' dir='ltr'>maculatis,</span> <span class='ocrx_word' id='word_1_133' title='bbox 725 1380 916 1423; x_wconf 86' lang='lat' dir='ltr'>antheris</span> <span class='ocrx_word' id='word_1_134' title='bbox 944 1379 1139 1435; x_wconf 78' lang='lat' dir='ltr'>oblongis</span> <span class='ocrx_word' id='word_1_135' title='bbox 1165 1379 1380 1423; x_wconf 86' lang='lat' dir='ltr'>interdum</span> <span class='ocrx_word' id='word_1_136' title='bbox 1407 1381 1643 1436; x_wconf 85' lang='lat' dir='ltr'>apiculatis,</span> <span class='ocrx_word' id='word_1_137' title='bbox 1663 1396 1759 1438; x_wconf 82' lang='lat' dir='ltr'>cap—</span> 
     </span>
     <span class='ocr_line' id='line_1_19' title="bbox 87 1438 1546 1495; baseline -0.001 -13"><span class='ocrx_word' id='word_1_138' title='bbox 87 1439 177 1482; x_wconf 79' lang='lat' dir='ltr'>sula</span> <span class='ocrx_word' id='word_1_139' title='bbox 209 1438 601 1495; x_wconf 78' lang='lat' dir='ltr'>elliptico-oblonga</span> <span class='ocrx_word' id='word_1_140' title='bbox 627 1438 732 1482; x_wconf 89' lang='lat' dir='ltr'>disci</span> <span class='ocrx_word' id='word_1_141' title='bbox 759 1438 899 1481; x_wconf 87' lang='lat' dir='ltr'>crenis</span> <span class='ocrx_word' id='word_1_142' title='bbox 926 1438 1142 1491; x_wconf 84' lang='lat' dir='ltr'>carinatis,</span> <span class='ocrx_word' id='word_1_143' title='bbox 1171 1438 1312 1493; x_wconf 85' lang='lat' dir='ltr'>stigm.</span> <span class='ocrx_word' id='word_1_144' title='bbox 1342 1439 1449 1481; x_wconf 77' lang='lat'>9-10</span> <span class='ocrx_word' id='word_1_145' title='bbox 1481 1445 1546 1490; x_wconf 75' lang='grc' dir='ltr'>Θ.</span> 
     </span>
    </p>

    <p class='ocr_par' dir='ltr' id='par_1_8' title="bbox 90 1503 1762 1621">
     <span class='ocr_line' id='line_1_20' title="bbox 148 1503 1761 1563; baseline 0.001 -18"><span class='ocrx_word' id='word_1_146' title='bbox 148 1509 248 1546; x_wconf 90' lang='lat' dir='ltr'>Hab.</span> <span class='ocrx_word' id='word_1_147' title='bbox 273 1509 311 1545; x_wconf 89' lang='lat' dir='ltr'>in</span> <span class='ocrx_word' id='word_1_148' title='bbox 336 1509 522 1546; x_wconf 75' lang='lat' dir='ltr'>Armenia</span> <span class='ocrx_word' id='word_1_149' title='bbox 544 1520 667 1556; x_wconf 88' lang='lat' dir='ltr'>prope</span> <span class='ocrx_word' id='word_1_150' title='bbox 692 1509 856 1546; x_wconf 80' lang='lat' dir='ltr'>&#39;Portum</span> <span class='ocrx_word' id='word_1_151' title='bbox 883 1503 1051 1562; x_wconf 75' lang='lat' dir='ltr'>(Huetl),</span> <span class='ocrx_word' id='word_1_152' title='bbox 1078 1509 1116 1545; x_wconf 86' lang='lat' dir='ltr'>in</span> <span class='ocrx_word' id='word_1_153' title='bbox 1143 1507 1287 1563; x_wconf 58' lang='lat' dir='ltr'>persiae</span> <span class='ocrx_word' id='word_1_154' title='bbox 1311 1519 1409 1555; x_wconf 89' lang='lat' dir='ltr'>prov</span> <span class='ocrx_word' id='word_1_155' title='bbox 1432 1508 1677 1558; x_wconf 86' lang='lat' dir='ltr'>Aderbidjan</span> <span class='ocrx_word' id='word_1_156' title='bbox 1713 1510 1761 1546; x_wconf 89' lang='lat' dir='ltr'>ad</span> 
     </span>
     <span class='ocr_line' id='line_1_21' title="bbox 90 1561 1762 1621; baseline 0 -16"><span class='ocrx_word' id='word_1_157' title='bbox 90 1566 321 1616; x_wconf 83' lang='lat' dir='ltr'>Seidkhodji</span> <span class='ocrx_word' id='word_1_158' title='bbox 362 1566 546 1619; x_wconf 79' lang='lat' dir='ltr'>(Szowl),</span> <span class='ocrx_word' id='word_1_159' title='bbox 571 1568 620 1604; x_wconf 85' lang='lat' dir='ltr'>ad</span> <span class='ocrx_word' id='word_1_160' title='bbox 658 1568 784 1605; x_wconf 86' lang='lat' dir='ltr'>Siaret</span> <span class='ocrx_word' id='word_1_161' title='bbox 808 1578 916 1614; x_wconf 87' lang='lat' dir='ltr'>prov.</span> <span class='ocrx_word' id='word_1_162' title='bbox 942 1566 1163 1606; x_wconf 71' lang='lat' dir='ltr'>Asterabad</span> <span class='ocrx_word' id='word_1_163' title='bbox 1200 1561 1418 1621; x_wconf 76' lang='lat' dir='ltr'>(Bange!)‚</span> <span class='ocrx_word' id='word_1_164' title='bbox 1456 1568 1492 1604; x_wconf 91' lang='lat' dir='ltr'>in</span> <span class='ocrx_word' id='word_1_165' title='bbox 1518 1568 1653 1605; x_wconf 76' lang='lat' dir='ltr'>Persia</span> <span class='ocrx_word' id='word_1_166' title='bbox 1674 1579 1762 1605; x_wconf 86' lang='lat' dir='ltr'>aus-</span> 
     </span>
    </p>
   </div>
   <div class='ocr_carea' id='block_1_6' title="bbox 83 1623 1760 1737">
    <p class='ocr_par' dir='ltr' id='par_1_9' title="bbox 83 1623 1760 1737">
     <span class='ocr_line' id='line_1_22' title="bbox 84 1623 1760 1678; baseline 0.001 -15"><span class='ocrx_word' id='word_1_167' title='bbox 84 1626 174 1663; x_wconf 86' lang='lat' dir='ltr'>trali</span> <span class='ocrx_word' id='word_1_168' title='bbox 210 1627 261 1664; x_wconf 85' lang='lat' dir='ltr'>ad</span> <span class='ocrx_word' id='word_1_169' title='bbox 306 1627 537 1675; x_wconf 79' lang='lat' dir='ltr'>Persepolin</span> <span class='ocrx_word' id='word_1_170' title='bbox 573 1630 611 1663; x_wconf 88' lang='lat' dir='ltr'>et</span> <span class='ocrx_word' id='word_1_171' title='bbox 644 1639 767 1675; x_wconf 88' lang='lat' dir='ltr'>prope</span> <span class='ocrx_word' id='word_1_172' title='bbox 808 1626 972 1664; x_wconf 89' lang='lat' dir='ltr'>Dalechi</span> <span class='ocrx_word' id='word_1_173' title='bbox 997 1623 1094 1678; x_wconf 86' lang='lat' dir='ltr'>(Ky.</span> <span class='ocrx_word' id='word_1_174' title='bbox 1131 1636 1212 1664; x_wconf 77' lang='lat' dir='ltr'>exs,</span> <span class='ocrx_word' id='word_1_175' title='bbox 1247 1624 1360 1665; x_wconf 76' lang='lat'>285!</span> <span class='ocrx_word' id='word_1_176' title='bbox 1397 1631 1434 1664; x_wconf 86' lang='lat' dir='ltr'>et</span> <span class='ocrx_word' id='word_1_177' title='bbox 1466 1624 1572 1665; x_wconf 81' lang='lat'>151!</span> <span class='ocrx_word' id='word_1_178' title='bbox 1611 1628 1681 1664; x_wconf 90' lang='lat' dir='ltr'>sub</span> <span class='ocrx_word' id='word_1_179' title='bbox 1716 1627 1760 1664; x_wconf 90' lang='lat' dir='ltr'>P.</span> 
     </span>
     <span class='ocr_line' id='line_1_23' title="bbox 83 1685 640 1737; baseline 0 -14"><span class='ocrx_word' id='word_1_180' title='bbox 83 1685 268 1737; x_wconf 78' lang='lat' dir='ltr'>rhaeade).</span> <span class='ocrx_word' id='word_1_181' title='bbox 294 1686 354 1723; x_wconf 85' lang='lat' dir='ltr'>Fl.</span> <span class='ocrx_word' id='word_1_182' title='bbox 379 1697 471 1723; x_wconf 91' lang='lat' dir='ltr'>vcre</span> <span class='ocrx_word' id='word_1_183' title='bbox 495 1689 535 1723; x_wconf 85' lang='lat' dir='ltr'>et</span> <span class='ocrx_word' id='word_1_184' title='bbox 558 1689 640 1723; x_wconf 84' lang='lat' dir='ltr'>aest.</span> 
     </span>
    </p>
   </div>
   <div class='ocr_carea' id='block_1_7' title="bbox 86 1752 1762 1864">
    <p class='ocr_par' dir='ltr' id='par_1_10' title="bbox 86 1752 1762 1864">
     <span class='ocr_line' id='line_1_24' title="bbox 142 1752 1762 1801; baseline -0.002 -10"><span class='ocrx_word' id='word_1_185' title='bbox 142 1754 307 1792; x_wconf 81' lang='lat' dir='ltr'>Habitus</span> <span class='ocrx_word' id='word_1_186' title='bbox 331 1753 374 1791; x_wconf 89' lang='lat' dir='ltr'>P.</span> <span class='ocrx_word' id='word_1_187' title='bbox 397 1753 565 1792; x_wconf 76' lang='lat' dir='ltr'>rhoeadis</span> <span class='ocrx_word' id='word_1_188' title='bbox 591 1764 672 1790; x_wconf 84' lang='lat' dir='ltr'>var.</span> <span class='ocrx_word' id='word_1_189' title='bbox 698 1753 893 1801; x_wconf 75' lang='lat' dir='ltr'>oblonyati</span> <span class='ocrx_word' id='word_1_190' title='bbox 925 1764 948 1789; x_wconf 89' lang='lat' dir='ltr'>a</span> <span class='ocrx_word' id='word_1_191' title='bbox 987 1764 1062 1801; x_wconf 90' lang='lat' dir='ltr'>quo</span> <span class='ocrx_word' id='word_1_192' title='bbox 1094 1752 1220 1789; x_wconf 85' lang='lat' dir='ltr'>crenis</span> <span class='ocrx_word' id='word_1_193' title='bbox 1256 1753 1439 1790; x_wconf 85' lang='lat' dir='ltr'>carinatis</span> <span class='ocrx_word' id='word_1_194' title='bbox 1463 1755 1501 1790; x_wconf 89' lang='lat' dir='ltr'>et</span> <span class='ocrx_word' id='word_1_195' title='bbox 1530 1752 1762 1789; x_wconf 86' lang='lat' dir='ltr'>distantibus</span> 
     </span>
     <span class='ocr_line' id='line_1_25' title="bbox 86 1807 1424 1864; baseline -0.001 -14"><span class='ocrx_word' id='word_1_196' title='bbox 86 1813 184 1851; x_wconf 88' lang='lat' dir='ltr'>disci</span> <span class='ocrx_word' id='word_1_197' title='bbox 206 1814 346 1851; x_wconf 85' lang='lat' dir='ltr'>differt.</span> <span class='ocrx_word' id='word_1_198' title='bbox 372 1809 510 1850; x_wconf 84' lang='lat' dir='ltr'>P&#39;lanta</span> <span class='ocrx_word' id='word_1_199' title='bbox 533 1810 600 1851; x_wconf 88' lang='grc'>1-1</span> <span class='ocrx_word' id='word_1_200' title='bbox 620 1807 675 1864; x_wconf 75' lang='lat' dir='ltr'>¹s2</span> <span class='ocrx_word' id='word_1_201' title='bbox 701 1812 867 1861; x_wconf 84' lang='lat' dir='ltr'>pedalis,</span> <span class='ocrx_word' id='word_1_202' title='bbox 894 1812 1055 1859; x_wconf 88' lang='lat' dir='ltr'>capsula</span> <span class='ocrx_word' id='word_1_203' title='bbox 1079 1809 1268 1850; x_wconf 71' lang='lat'>9-101111.</span> <span class='ocrx_word' id='word_1_204' title='bbox 1294 1812 1424 1859; x_wconf 86' lang='lat' dir='ltr'>longa.</span> 
     </span>
    </p>
   </div>
   <div class='ocr_carea' id='block_1_8' title="bbox 496 1950 1200 2000">
    <p class='ocr_par' dir='ltr' id='par_1_11' title="bbox 496 1950 1200 2000">
     <span class='ocr_line' id='line_1_26' title="bbox 496 1950 1200 2000; baseline -0.001 -11"><span class='ocrx_word' id='word_1_205' title='bbox 496 1950 538 1990; x_wconf 88' lang='lat' dir='ltr'>b.</span> <span class='ocrx_word' id='word_1_206' title='bbox 571 1951 684 1990; x_wconf 85' lang='lat' dir='ltr'>Folia</span> <span class='ocrx_word' id='word_1_207' title='bbox 709 1951 864 1991; x_wconf 87' lang='lat' dir='ltr'>caulina</span> <span class='ocrx_word' id='word_1_208' title='bbox 888 1951 1200 2000; x_wconf 86' lang='lat' dir='ltr'>amplexicaulia.</span> 
     </span>
    </p>
   </div>
   <div class='ocr_carea' id='block_1_9' title="bbox 83 2053 1764 2759">
    <p class='ocr_par' dir='ltr' id='par_1_12' title="bbox 83 2053 1762 2461">
     <span class='ocr_line' id='line_1_27' title="bbox 156 2053 1754 2112; baseline -0.003 -14"><span class='ocrx_word' id='word_1_209' title='bbox 156 2055 213 2098; x_wconf 95' lang='lat' dir='ltr'>P.</span> <span class='ocrx_word' id='word_1_210' title='bbox 258 2056 563 2100; x_wconf 82' lang='lat' dir='ltr'>Decaisnei</span> <span class='ocrx_word' id='word_1_211' title='bbox 605 2055 807 2112; x_wconf 88' lang='lat' dir='ltr'>(Hochst.</span> <span class='ocrx_word' id='word_1_212' title='bbox 839 2062 879 2097; x_wconf 87' lang='lat' dir='ltr'>et</span> <span class='ocrx_word' id='word_1_213' title='bbox 912 2054 1055 2098; x_wconf 84' lang='lat' dir='ltr'>Steud.</span> <span class='ocrx_word' id='word_1_214' title='bbox 1100 2054 1143 2096; x_wconf 93' lang='lat' dir='ltr'>in</span> <span class='ocrx_word' id='word_1_215' title='bbox 1180 2053 1362 2110; x_wconf 89' lang='lat' dir='ltr'>Schimp.</span> <span class='ocrx_word' id='word_1_216' title='bbox 1410 2054 1464 2109; x_wconf 87' lang='lat' dir='ltr'>pl.</span> <span class='ocrx_word' id='word_1_217' title='bbox 1501 2054 1626 2096; x_wconf 87' lang='lat' dir='ltr'>Arab.</span> <span class='ocrx_word' id='word_1_218' title='bbox 1672 2067 1754 2095; x_wconf 80' lang='lat' dir='ltr'>exs.</span> 
     </span>
     <span class='ocr_line' id='line_1_28' title="bbox 87 2112 1759 2170; baseline -0.001 -16"><span class='ocrx_word' id='word_1_219' title='bbox 87 2112 263 2170; x_wconf 67' lang='lat' dir='ltr'>n0125&gt;</span> <span class='ocrx_word' id='word_1_220' title='bbox 291 2114 560 2169; x_wconf 86' lang='lat' dir='ltr'>glaucescens</span> <span class='ocrx_word' id='word_1_221' title='bbox 587 2114 805 2170; x_wconf 86' lang='lat' dir='ltr'>glabrum,</span> <span class='ocrx_word' id='word_1_222' title='bbox 835 2113 944 2156; x_wconf 85' lang='lat' dir='ltr'>foliis</span> <span class='ocrx_word' id='word_1_223' title='bbox 987 2113 1029 2155; x_wconf 91' lang='lat' dir='ltr'>in</span> <span class='ocrx_word' id='word_1_224' title='bbox 1070 2112 1244 2155; x_wconf 87' lang='lat' dir='ltr'>lacinias</span> <span class='ocrx_word' id='word_1_225' title='bbox 1286 2112 1469 2154; x_wconf 82' lang='lat' dir='ltr'>breviter</span> <span class='ocrx_word' id='word_1_226' title='bbox 1508 2113 1759 2154; x_wconf 83' lang='lat' dir='ltr'>lanceolatas</span> 
     </span>
     <span class='ocr_line' id='line_1_29' title="bbox 87 2169 1760 2228; baseline -0.001 -15"><span class='ocrx_word' id='word_1_227' title='bbox 87 2169 277 2214; x_wconf 86' lang='lat' dir='ltr'>dentatas</span> <span class='ocrx_word' id='word_1_228' title='bbox 312 2171 667 2228; x_wconf 84' lang='lat' dir='ltr'>pinnatipartitis,</span> <span class='ocrx_word' id='word_1_229' title='bbox 696 2171 875 2215; x_wconf 80' lang='lat' dir='ltr'>caulinis</span> <span class='ocrx_word' id='word_1_230' title='bbox 902 2171 993 2214; x_wconf 88' lang='lat' dir='ltr'>basi</span> <span class='ocrx_word' id='word_1_231' title='bbox 1022 2170 1281 2223; x_wconf 77' lang='lat' dir='ltr'>rotundatis,</span> <span class='ocrx_word' id='word_1_232' title='bbox 1311 2170 1465 2226; x_wconf 87' lang='lat' dir='ltr'>sepalis</span> <span class='ocrx_word' id='word_1_233' title='bbox 1492 2170 1664 2225; x_wconf 81' lang='lat' dir='ltr'>glabris,</span> <span class='ocrx_word' id='word_1_234' title='bbox 1694 2183 1760 2225; x_wconf 87' lang='lat' dir='ltr'>pe-</span> 
     </span>
     <span class='ocr_line' id='line_1_30' title="bbox 83 2227 1757 2287; baseline -0.001 -17"><span class='ocrx_word' id='word_1_235' title='bbox 83 2229 179 2272; x_wconf 74' lang='lat' dir='ltr'>talis</span> <span class='ocrx_word' id='word_1_236' title='bbox 206 2230 395 2273; x_wconf 88' lang='lat' dir='ltr'>obovatis</span> <span class='ocrx_word' id='word_1_237' title='bbox 422 2230 794 2287; x_wconf 84' lang='lat' dir='ltr'>roseo-purpureis</span> <span class='ocrx_word' id='word_1_238' title='bbox 823 2229 1044 2272; x_wconf 75' lang='lat' dir='ltr'>maculatis</span> <span class='ocrx_word' id='word_1_239' title='bbox 1062 2265 1071 2282; x_wconf 88' lang='lat'>,</span> <span class='ocrx_word' id='word_1_240' title='bbox 1110 2228 1298 2271; x_wconf 86' lang='lat' dir='ltr'>antheris</span> <span class='ocrx_word' id='word_1_241' title='bbox 1325 2228 1508 2270; x_wconf 76' lang='lat' dir='ltr'>breviter</span> <span class='ocrx_word' id='word_1_242' title='bbox 1549 2227 1757 2281; x_wconf 81' lang='lat' dir='ltr'>oblongis,</span> 
     </span>
     <span class='ocr_line' id='line_1_31' title="bbox 88 2284 1762 2345; baseline -0.002 -16"><span class='ocrx_word' id='word_1_243' title='bbox 88 2288 255 2343; x_wconf 78' lang='lat' dir='ltr'>capsula</span> <span class='ocrx_word' id='word_1_244' title='bbox 296 2287 683 2344; x_wconf 80' lang='lat' dir='ltr'>obovato-oblonga</span> <span class='ocrx_word' id='word_1_245' title='bbox 715 2288 831 2331; x_wconf 92' lang='lat' dir='ltr'>disco</span> <span class='ocrx_word' id='word_1_246' title='bbox 870 2289 1023 2345; x_wconf 90' lang='lat' dir='ltr'>plano,</span> <span class='ocrx_word' id='word_1_247' title='bbox 1051 2286 1318 2343; x_wconf 86' lang='lat' dir='ltr'>stigmatibus</span> <span class='ocrx_word' id='word_1_248' title='bbox 1344 2284 1419 2327; x_wconf 90' lang='grc'>5-7</span> <span class='ocrx_word' id='word_1_249' title='bbox 1452 2291 1515 2337; x_wconf 73' lang='grc' dir='ltr'>Θ.</span> <span class='ocrx_word' id='word_1_250' title='bbox 1547 2285 1598 2327; x_wconf 89' lang='grc' dir='ltr'>Ρ.</span> <span class='ocrx_word' id='word_1_251' title='bbox 1631 2285 1762 2344; x_wconf 68' lang='lat' dir='ltr'>curbi-</span> 
     </span>
     <span class='ocr_line' id='line_1_32' title="bbox 86 2342 1759 2403; baseline -0.002 -15"><span class='ocrx_word' id='word_1_252' title='bbox 86 2350 238 2388; x_wconf 76' lang='lat' dir='ltr'>natum</span> <span class='ocrx_word' id='word_1_253' title='bbox 263 2346 434 2389; x_wconf 84' lang='lat' dir='ltr'>Fresen.</span> <span class='ocrx_word' id='word_1_254' title='bbox 466 2346 570 2389; x_wconf 90' lang='lat' dir='ltr'>Mus.</span> <span class='ocrx_word' id='word_1_255' title='bbox 602 2345 815 2390; x_wconf 88' lang='lat' dir='ltr'>Senkenb.</span> <span class='ocrx_word' id='word_1_256' title='bbox 845 2360 885 2403; x_wconf 91' lang='lat' dir='ltr'>p.</span> <span class='ocrx_word' id='word_1_257' title='bbox 918 2345 1003 2389; x_wconf 84' lang='lat'>173</span> <span class='ocrx_word' id='word_1_258' title='bbox 1029 2359 1114 2388; x_wconf 92' lang='lat' dir='ltr'>non</span> <span class='ocrx_word' id='word_1_259' title='bbox 1141 2357 1208 2387; x_wconf 84' lang='lat' dir='ltr'>Dc.</span> <span class='ocrx_word' id='word_1_260' title='bbox 1239 2344 1433 2400; x_wconf 79' lang='lat' dir='ltr'>Papaver</span> <span class='ocrx_word' id='word_1_261' title='bbox 1460 2357 1524 2400; x_wconf 83' lang='lat' dir='ltr'>sp.</span> <span class='ocrx_word' id='word_1_262' title='bbox 1552 2356 1657 2385; x_wconf 88' lang='lat' dir='ltr'>nova</span> <span class='ocrx_word' id='word_1_263' title='bbox 1682 2342 1759 2384; x_wconf 58' lang='lat' dir='ltr'>Deg</span> 
     </span>
     <span class='ocr_line' id='line_1_33' title="bbox 89 2402 676 2461; baseline 0.003 -16"><span class='ocrx_word' id='word_1_264' title='bbox 89 2402 229 2446; x_wconf 90' lang='lat' dir='ltr'>caisne</span> <span class='ocrx_word' id='word_1_265' title='bbox 256 2404 316 2446; x_wconf 90' lang='lat' dir='ltr'>Fl.</span> <span class='ocrx_word' id='word_1_266' title='bbox 348 2403 504 2447; x_wconf 88' lang='lat' dir='ltr'>Sinaic.</span> <span class='ocrx_word' id='word_1_267' title='bbox 534 2418 574 2461; x_wconf 93' lang='lat' dir='ltr'>p.</span> <span class='ocrx_word' id='word_1_268' title='bbox 605 2403 676 2447; x_wconf 88' lang='grc'>45.</span> 
     </span>
    </p>

    <p class='ocr_par' dir='ltr' id='par_1_13' title="bbox 88 2463 1764 2700">
     <span class='ocr_line' id='line_1_34' title="bbox 146 2463 1760 2526; baseline -0.003 -16"><span class='ocrx_word' id='word_1_269' title='bbox 146 2473 247 2512; x_wconf 89' lang='lat' dir='ltr'>Hab.</span> <span class='ocrx_word' id='word_1_270' title='bbox 272 2474 311 2511; x_wconf 90' lang='lat' dir='ltr'>in</span> <span class='ocrx_word' id='word_1_271' title='bbox 337 2473 449 2512; x_wconf 85' lang='lat' dir='ltr'>cultis</span> <span class='ocrx_word' id='word_1_272' title='bbox 469 2474 556 2522; x_wconf 85' lang='lat' dir='ltr'>jugi</span> <span class='ocrx_word' id='word_1_273' title='bbox 584 2473 760 2512; x_wconf 87' lang='lat' dir='ltr'>Sinaitici</span> <span class='ocrx_word' id='word_1_274' title='bbox 781 2471 929 2526; x_wconf 75' lang='lat' dir='ltr'>(Riippl</span> <span class='ocrx_word' id='word_1_275' title='bbox 958 2469 1140 2520; x_wconf 84' lang='lat' dir='ltr'>Schimp!</span> <span class='ocrx_word' id='word_1_276' title='bbox 1176 2463 1312 2508; x_wconf 83' lang='lat' dir='ltr'>Boiss!</span> <span class='ocrx_word' id='word_1_277' title='bbox 1330 2464 1362 2523; x_wconf 90' lang='lat'>),</span> <span class='ocrx_word' id='word_1_278' title='bbox 1396 2469 1609 2508; x_wconf 84' lang='lat' dir='ltr'>Thebaidis</span> <span class='ocrx_word' id='word_1_279' title='bbox 1633 2466 1760 2520; x_wconf 80' lang='lat' dir='ltr'>(Fig.),</span> 
     </span>
     <span class='ocr_line' id='line_1_35' title="bbox 88 2522 1759 2582; baseline -0.002 -14"><span class='ocrx_word' id='word_1_280' title='bbox 88 2530 127 2568; x_wconf 89' lang='lat' dir='ltr'>in</span> <span class='ocrx_word' id='word_1_281' title='bbox 142 2532 281 2571; x_wconf 73' lang='lat' dir='ltr'>Persia</span> <span class='ocrx_word' id='word_1_282' title='bbox 301 2532 350 2570; x_wconf 86' lang='lat' dir='ltr'>ad</span> <span class='ocrx_word' id='word_1_283' title='bbox 367 2532 609 2580; x_wconf 85' lang='lat' dir='ltr'>Persepolim</span> <span class='ocrx_word' id='word_1_284' title='bbox 627 2537 665 2571; x_wconf 85' lang='lat' dir='ltr'>ct</span> <span class='ocrx_word' id='word_1_285' title='bbox 691 2533 741 2571; x_wconf 84' lang='lat' dir='ltr'>ad</span> <span class='ocrx_word' id='word_1_286' title='bbox 765 2533 935 2581; x_wconf 88' lang='lat' dir='ltr'>Ispahan</span> <span class='ocrx_word' id='word_1_287' title='bbox 961 2531 1055 2582; x_wconf 86' lang='lat' dir='ltr'>(Ky.</span> <span class='ocrx_word' id='word_1_288' title='bbox 1080 2543 1162 2568; x_wconf 83' lang='lat' dir='ltr'>exs.</span> <span class='ocrx_word' id='word_1_289' title='bbox 1183 2522 1296 2569; x_wconf 76' lang='lat'><strong>823!</strong></span> <span class='ocrx_word' id='word_1_290' title='bbox 1326 2528 1450 2567; x_wconf 90' lang='lat' dir='ltr'>Auch.</span> <span class='ocrx_word' id='word_1_291' title='bbox 1475 2540 1557 2566; x_wconf 80' lang='lat' dir='ltr'>exs.</span> <span class='ocrx_word' id='word_1_292' title='bbox 1587 2525 1700 2567; x_wconf 86' lang='grc'>1047</span> <span class='ocrx_word' id='word_1_293' title='bbox 1718 2522 1759 2576; x_wconf 72' lang='lat' dir='ltr'>l),</span> 
     </span>
     <span class='ocr_line' id='line_1_36' title="bbox 90 2580 1764 2643; baseline -0.002 -15"><span class='ocrx_word' id='word_1_294' title='bbox 90 2590 140 2627; x_wconf 80' lang='lat' dir='ltr'>ad</span> <span class='ocrx_word' id='word_1_295' title='bbox 161 2590 391 2629; x_wconf 84' lang='lat' dir='ltr'>Ssertschah</span> <span class='ocrx_word' id='word_1_296' title='bbox 416 2591 560 2629; x_wconf 80' lang='lat' dir='ltr'>Persiae</span> <span class='ocrx_word' id='word_1_297' title='bbox 578 2592 715 2630; x_wconf 75' lang='lat' dir='ltr'>mediae</span> <span class='ocrx_word' id='word_1_298' title='bbox 741 2591 941 2631; x_wconf 89' lang='lat' dir='ltr'>orientalis</span> <span class='ocrx_word' id='word_1_299' title='bbox 963 2581 1176 2643; x_wconf 72' lang='lat' dir='ltr'>(Bunge!)‚</span> <span class='ocrx_word' id='word_1_300' title='bbox 1199 2587 1409 2637; x_wconf 83' lang='lat' dir='ltr'>Affghania</span> <span class='ocrx_word' id='word_1_301' title='bbox 1433 2580 1607 2639; x_wconf 78' lang='lat' dir='ltr'>(Griffl),</span> <span class='ocrx_word' id='word_1_302' title='bbox 1632 2587 1764 2625; x_wconf 86' lang='lat' dir='ltr'>Belut-</span> 
     </span>
     <span class='ocr_line' id='line_1_37' title="bbox 91 2647 427 2700; baseline 0.006 -14"><span class='ocrx_word' id='word_1_303' title='bbox 91 2647 197 2687; x_wconf 73' lang='lat' dir='ltr'>schia</span> <span class='ocrx_word' id='word_1_304' title='bbox 214 2649 371 2699; x_wconf 86' lang='lat' dir='ltr'>(Stocks</span> <span class='ocrx_word' id='word_1_305' title='bbox 386 2649 427 2700; x_wconf 76' lang='lat' dir='ltr'>l).</span> 
     </span>
    </p>

    <p class='ocr_par' dir='ltr' id='par_1_14' title="bbox 144 2705 1610 2759">
     <span class='ocr_line' id='line_1_38' title="bbox 144 2705 1610 2759; baseline -0.005 -12"><span class='ocrx_word' id='word_1_306' title='bbox 144 2707 284 2747; x_wconf 82' lang='lat' dir='ltr'>Oaules</span> <span class='ocrx_word' id='word_1_307' title='bbox 312 2710 465 2758; x_wconf 41' lang='lat' dir='ltr'>breves&amp;</span> <span class='ocrx_word' id='word_1_308' title='bbox 491 2709 699 2757; x_wconf 84' lang='lat' dir='ltr'>pedunculi</span> <span class='ocrx_word' id='word_1_309' title='bbox 723 2709 953 2759; x_wconf 83' lang='lat' dir='ltr'>longissimi,</span> <span class='ocrx_word' id='word_1_310' title='bbox 978 2709 1095 2746; x_wconf 88' lang='lat' dir='ltr'>flores</span> <span class='ocrx_word' id='word_1_311' title='bbox 1122 2706 1278 2754; x_wconf 85' lang='lat' dir='ltr'>magnit.</span> <span class='ocrx_word' id='word_1_312' title='bbox 1309 2705 1352 2743; x_wconf 88' lang='lat' dir='ltr'>P.</span> <span class='ocrx_word' id='word_1_313' title='bbox 1377 2715 1610 2752; x_wconf 60' lang='lat' dir='ltr'>argemones.</span> 
     </span>
    </p>
   </div>
   <div class='ocr_carea' id='block_1_10' title="bbox 91 2854 1761 2973">
    <p class='ocr_par' dir='ltr' id='par_1_15' title="bbox 91 2854 1761 2973">
     <span class='ocr_line' id='line_1_39' title="bbox 147 2854 1760 2914; baseline -0.001 -15"><span class='ocrx_word' id='word_1_314' title='bbox 147 2856 204 2899; x_wconf 92' lang='lat' dir='ltr'>P.</span> <span class='ocrx_word' id='word_1_315' title='bbox 237 2858 458 2913; x_wconf 69' lang='lat' dir='ltr'>gracile</span> <span class='ocrx_word' id='word_1_316' title='bbox 476 2857 628 2914; x_wconf 80' lang='lat' dir='ltr'>(Auch.</span> <span class='ocrx_word' id='word_1_317' title='bbox 654 2857 699 2900; x_wconf 91' lang='lat' dir='ltr'>in</span> <span class='ocrx_word' id='word_1_318' title='bbox 722 2857 854 2901; x_wconf 90' lang='lat' dir='ltr'>Boiss.</span> <span class='ocrx_word' id='word_1_319' title='bbox 881 2857 936 2914; x_wconf 92' lang='lat' dir='ltr'>pl.</span> <span class='ocrx_word' id='word_1_320' title='bbox 966 2857 1099 2899; x_wconf 88' lang='lat' dir='ltr'>Auch.</span> <span class='ocrx_word' id='word_1_321' title='bbox 1121 2856 1228 2898; x_wconf 91' lang='lat' dir='ltr'>Ann.</span> <span class='ocrx_word' id='word_1_322' title='bbox 1249 2854 1312 2898; x_wconf 89' lang='lat' dir='ltr'>Sc.</span> <span class='ocrx_word' id='word_1_323' title='bbox 1334 2855 1425 2898; x_wconf 84' lang='lat' dir='ltr'>Nat.</span> <span class='ocrx_word' id='word_1_324' title='bbox 1449 2855 1580 2908; x_wconf 75' lang='grc'>1841,</span> <span class='ocrx_word' id='word_1_325' title='bbox 1595 2871 1634 2913; x_wconf 91' lang='lat' dir='ltr'>p.</span> <span class='ocrx_word' id='word_1_326' title='bbox 1658 2855 1760 2911; x_wconf 70' lang='lat'>3702)</span> 
     </span>
     <span class='ocr_line' id='line_1_40' title="bbox 91 2913 1761 2973; baseline -0.001 -17"><span class='ocrx_word' id='word_1_327' title='bbox 91 2913 283 2969; x_wconf 82' lang='lat' dir='ltr'>glabrum</span> <span class='ocrx_word' id='word_1_328' title='bbox 307 2916 369 2959; x_wconf 92' lang='lat' dir='ltr'>vel</span> <span class='ocrx_word' id='word_1_329' title='bbox 395 2915 646 2973; x_wconf 85' lang='lat' dir='ltr'>parcissime</span> <span class='ocrx_word' id='word_1_330' title='bbox 672 2922 883 2970; x_wconf 89' lang='lat' dir='ltr'>setosum,</span> <span class='ocrx_word' id='word_1_331' title='bbox 911 2914 1005 2958; x_wconf 81' lang='lat' dir='ltr'>solis</span> <span class='ocrx_word' id='word_1_332' title='bbox 1042 2913 1296 2958; x_wconf 87' lang='lat' dir='ltr'>radicalibus</span> <span class='ocrx_word' id='word_1_333' title='bbox 1332 2914 1521 2957; x_wconf 76' lang='lat' dir='ltr'>obovatis</span> <span class='ocrx_word' id='word_1_334' title='bbox 1559 2915 1599 2956; x_wconf 90' lang='lat' dir='ltr'>in</span> <span class='ocrx_word' id='word_1_335' title='bbox 1629 2914 1761 2970; x_wconf 85' lang='lat' dir='ltr'>petio-</span> 
     </span>
    </p>
   </div>
  </div>
 </body>
</html>
