<?xml version="1.0" encoding="UTF-8"?>
<!DOCTYPE html PUBLIC "-//W3C//DTD XHTML 1.0 Transitional//EN"
    "http://www.w3.org/TR/xhtml1/DTD/xhtml1-transitional.dtd">
<html xmlns="http://www.w3.org/1999/xhtml" xml:lang="en" lang="en">
 <head>
  <title>
</title>
<meta http-equiv="Content-Type" content="text/html;charset=utf-8" />
  <meta name='ocr-system' content='tesseract 3.04.00' />
  <meta name='ocr-capabilities' content='ocr_page ocr_carea ocr_par ocr_line ocrx_word'/>
</head>
<body>
  <div class='ocr_page' id='page_1' title='image "./floraorientaliss01bois_0956.png"; bbox 0 0 2021 3235; ppageno 0'>
   <div class='ocr_carea' id='block_1_1' title="bbox 990 190 1074 234">
    <p class='ocr_par' dir='ltr' id='par_1_1' title="bbox 990 190 1074 234">
     <span class='ocr_line' id='line_1_1' title="bbox 990 190 1074 234; baseline -0.012 0"><span class='ocrx_word' id='word_1_1' title='bbox 990 190 1074 234; x_wconf 71' lang='lat'>912</span> 
     </span>
    </p>
   </div>
   <div class='ocr_carea' id='block_1_2' title="bbox 197 282 1880 572">
    <p class='ocr_par' dir='ltr' id='par_1_2' title="bbox 197 282 1876 403">
     <span class='ocr_line' id='line_1_2' title="bbox 255 282 1876 342; baseline -0.007 -7"><span class='ocrx_word' id='word_1_2' title='bbox 255 299 353 336; x_wconf 83' lang='lat' dir='ltr'>Hab.</span> <span class='ocrx_word' id='word_1_3' title='bbox 389 297 425 333; x_wconf 90' lang='lat' dir='ltr'>in</span> <span class='ocrx_word' id='word_1_4' title='bbox 464 295 648 332; x_wconf 74' lang='lat' dir='ltr'>Armenia</span> <span class='ocrx_word' id='word_1_5' title='bbox 680 292 824 342; x_wconf 76' lang='lat' dir='ltr'>(Szowl</span> <span class='ocrx_word' id='word_1_6' title='bbox 853 288 974 327; x_wconf 90' lang='lat' dir='ltr'>Auch.</span> <span class='ocrx_word' id='word_1_7' title='bbox 1008 299 1089 325; x_wconf 84' lang='lat' dir='ltr'>exs.</span> <span class='ocrx_word' id='word_1_8' title='bbox 1113 283 1232 325; x_wconf 73' lang='grc'>4555</span> <span class='ocrx_word' id='word_1_9' title='bbox 1251 282 1273 337; x_wconf 73' lang='grc' dir='ltr'>ἔ)</span> <span class='ocrx_word' id='word_1_10' title='bbox 1300 285 1337 322; x_wconf 91' lang='lat' dir='ltr'>in</span> <span class='ocrx_word' id='word_1_11' title='bbox 1362 285 1509 324; x_wconf 87' lang='lat' dir='ltr'>Persiae</span> <span class='ocrx_word' id='word_1_12' title='bbox 1535 285 1719 324; x_wconf 86' lang='lat' dir='ltr'>australis</span> <span class='ocrx_word' id='word_1_13' title='bbox 1746 289 1876 324; x_wconf 84' lang='lat' dir='ltr'>monte</span> 
     </span>
     <span class='ocr_line' id='line_1_3' title="bbox 197 343 1317 403; baseline -0.013 -7"><span class='ocrx_word' id='word_1_14' title='bbox 197 358 391 396; x_wconf 73' lang='lat' dir='ltr'>Kuhmalu</span> <span class='ocrx_word' id='word_1_15' title='bbox 419 366 538 403; x_wconf 85' lang='lat' dir='ltr'>prope</span> <span class='ocrx_word' id='word_1_16' title='bbox 566 352 725 391; x_wconf 87' lang='lat' dir='ltr'>Dalcchi</span> <span class='ocrx_word' id='word_1_17' title='bbox 748 350 827 400; x_wconf 87' lang='lat' dir='ltr'>(Ky</span> <span class='ocrx_word' id='word_1_18' title='bbox 851 361 930 387; x_wconf 80' lang='lat' dir='ltr'>exs.</span> <span class='ocrx_word' id='word_1_19' title='bbox 968 343 1176 399; x_wconf 76' lang='lat' dir='ltr'>187t).F1.</span> <span class='ocrx_word' id='word_1_20' title='bbox 1201 345 1317 383; x_wconf 86' lang='lat' dir='ltr'>Mart.</span> 
     </span>
    </p>

    <p class='ocr_par' dir='ltr' id='par_1_3' title="bbox 200 403 1880 572">
     <span class='ocr_line' id='line_1_4' title="bbox 259 403 1879 461; baseline -0.008 -8"><span class='ocrx_word' id='word_1_21' title='bbox 259 417 400 453; x_wconf 82' lang='lat' dir='ltr'>Frutex</span> <span class='ocrx_word' id='word_1_22' title='bbox 425 412 500 453; x_wconf 50' lang='lat'>54</span> <span class='ocrx_word' id='word_1_23' title='bbox 521 412 668 461; x_wconf 89' lang='lat' dir='ltr'>pedalis</span> <span class='ocrx_word' id='word_1_24' title='bbox 688 411 798 459; x_wconf 89' lang='lat' dir='ltr'>cujus</span> <span class='ocrx_word' id='word_1_25' title='bbox 819 408 1031 457; x_wconf 83' lang='lat' dir='ltr'>specimina</span> <span class='ocrx_word' id='word_1_26' title='bbox 1045 405 1218 443; x_wconf 86' lang='lat' dir='ltr'>florifera</span> <span class='ocrx_word' id='word_1_27' title='bbox 1234 407 1383 441; x_wconf 87' lang='lat' dir='ltr'>tantum</span> <span class='ocrx_word' id='word_1_28' title='bbox 1406 403 1509 453; x_wconf 81' lang='lat' dir='ltr'>vidi3</span> <span class='ocrx_word' id='word_1_29' title='bbox 1528 404 1679 452; x_wconf 84' lang='lat' dir='ltr'>speciei</span> <span class='ocrx_word' id='word_1_30' title='bbox 1703 404 1879 454; x_wconf 86' lang='lat' dir='ltr'>sequenti</span> 
     </span>
     <span class='ocr_line' id='line_1_5' title="bbox 200 461 1880 516; baseline -0.007 -3"><span class='ocrx_word' id='word_1_31' title='bbox 200 477 297 514; x_wconf 70' lang='lat' dir='ltr'>facie</span> <span class='ocrx_word' id='word_1_32' title='bbox 324 479 360 511; x_wconf 86' lang='lat' dir='ltr'>et</span> <span class='ocrx_word' id='word_1_33' title='bbox 385 473 671 511; x_wconf 77' lang='lat' dir='ltr'>characteribus</span> <span class='ocrx_word' id='word_1_34' title='bbox 694 470 807 507; x_wconf 87' lang='lat' dir='ltr'>affine</span> <span class='ocrx_word' id='word_1_35' title='bbox 826 468 949 505; x_wconf 71' lang='lat' dir='ltr'>forma</span> <span class='ocrx_word' id='word_1_36' title='bbox 975 465 1122 503; x_wconf 73' lang='lat' dir='ltr'>fructsis</span> <span class='ocrx_word' id='word_1_37' title='bbox 1148 462 1209 516; x_wconf 86' lang='lat' dir='ltr'>(cx</span> <span class='ocrx_word' id='word_1_38' title='bbox 1234 464 1283 502; x_wconf 86' lang='lat' dir='ltr'>cl.</span> <span class='ocrx_word' id='word_1_39' title='bbox 1309 463 1440 501; x_wconf 83' lang='lat' dir='ltr'>Fisch.</span> <span class='ocrx_word' id='word_1_40' title='bbox 1472 467 1512 500; x_wconf 85' lang='lat' dir='ltr'>et</span> <span class='ocrx_word' id='word_1_41' title='bbox 1544 463 1651 512; x_wconf 87' lang='lat' dir='ltr'>Mey.</span> <span class='ocrx_word' id='word_1_42' title='bbox 1680 461 1880 512; x_wconf 81' lang='lat' dir='ltr'>descripti)</span> 
     </span>
     <span class='ocr_line' id='line_1_6' title="bbox 203 523 1250 572; baseline -0.011 0"><span class='ocrx_word' id='word_1_43' title='bbox 203 537 250 572; x_wconf 89' lang='lat' dir='ltr'>ab</span> <span class='ocrx_word' id='word_1_44' title='bbox 274 535 319 571; x_wconf 73' lang='lat' dir='ltr'>ea</span> <span class='ocrx_word' id='word_1_45' title='bbox 343 534 436 570; x_wconf 86' lang='lat' dir='ltr'>satis</span> <span class='ocrx_word' id='word_1_46' title='bbox 462 532 680 568; x_wconf 83' lang='lat' dir='ltr'>distinctum</span> <span class='ocrx_word' id='word_1_47' title='bbox 703 529 863 566; x_wconf 82' lang='lat' dir='ltr'>videtur.</span> <span class='ocrx_word' id='word_1_48' title='bbox 885 525 1020 564; x_wconf 90' lang='lat' dir='ltr'>Loculi</span> <span class='ocrx_word' id='word_1_49' title='bbox 1045 523 1250 562; x_wconf 85' lang='lat' dir='ltr'>biovulati.</span> 
     </span>
    </p>
   </div>
   <div class='ocr_carea' id='block_1_3' title="bbox 203 656 1893 1662">
    <p class='ocr_par' dir='ltr' id='par_1_4' title="bbox 203 656 1889 1068">
     <span class='ocr_line' id='line_1_7' title="bbox 260 656 1884 724; baseline -0.006 -10"><span class='ocrx_word' id='word_1_50' title='bbox 260 673 311 715; x_wconf 92' lang='lat' dir='ltr'>Z.</span> <span class='ocrx_word' id='word_1_51' title='bbox 343 671 725 724; x_wconf 81' lang='lat' dir='ltr'>eurypterum</span> <span class='ocrx_word' id='word_1_52' title='bbox 751 663 899 717; x_wconf 90' lang='lat' dir='ltr'>(Boiss.</span> <span class='ocrx_word' id='word_1_53' title='bbox 923 669 962 704; x_wconf 81' lang='lat' dir='ltr'>et</span> <span class='ocrx_word' id='word_1_54' title='bbox 988 660 1125 703; x_wconf 86' lang='lat' dir='ltr'>Buhse</span> <span class='ocrx_word' id='word_1_55' title='bbox 1153 658 1272 701; x_wconf 89' lang='lat' dir='ltr'>Aufz.</span> <span class='ocrx_word' id='word_1_56' title='bbox 1295 671 1336 714; x_wconf 92' lang='lat' dir='ltr'>p.</span> <span class='ocrx_word' id='word_1_57' title='bbox 1356 656 1431 715; x_wconf 76' lang='lat'>49)</span> <span class='ocrx_word' id='word_1_58' title='bbox 1461 658 1733 713; x_wconf 77' lang='lat' dir='ltr'>fruticosum,</span> <span class='ocrx_word' id='word_1_59' title='bbox 1754 660 1884 704; x_wconf 83' lang='lat' dir='ltr'>ramis</span> 
     </span>
     <span class='ocr_line' id='line_1_8' title="bbox 204 716 1884 781; baseline -0.006 -9"><span class='ocrx_word' id='word_1_60' title='bbox 204 729 353 773; x_wconf 83' lang='lat' dir='ltr'>albidis</span> <span class='ocrx_word' id='word_1_61' title='bbox 390 725 616 781; x_wconf 78' lang='lat' dir='ltr'>elongatis,</span> <span class='ocrx_word' id='word_1_62' title='bbox 651 722 758 766; x_wconf 86' lang='lat' dir='ltr'>foliis</span> <span class='ocrx_word' id='word_1_63' title='bbox 800 719 995 777; x_wconf 81' lang='lat' dir='ltr'>lepidotis</span> <span class='ocrx_word' id='word_1_64' title='bbox 1036 716 1231 773; x_wconf 80' lang='lat' dir='ltr'>oblongis</span> <span class='ocrx_word' id='word_1_65' title='bbox 1259 717 1322 759; x_wconf 92' lang='lat' dir='ltr'>vel</span> <span class='ocrx_word' id='word_1_66' title='bbox 1363 716 1555 760; x_wconf 85' lang='lat' dir='ltr'>obovatis</span> <span class='ocrx_word' id='word_1_67' title='bbox 1597 717 1640 760; x_wconf 91' lang='lat' dir='ltr'>in</span> <span class='ocrx_word' id='word_1_68' title='bbox 1682 718 1884 774; x_wconf 79' lang='lat' dir='ltr'>petiolum</span> 
     </span>
     <span class='ocr_line' id='line_1_9' title="bbox 203 774 1886 838; baseline -0.006 -8"><span class='ocrx_word' id='word_1_69' title='bbox 203 789 370 830; x_wconf 88' lang='lat' dir='ltr'>brevem</span> <span class='ocrx_word' id='word_1_70' title='bbox 397 783 636 835; x_wconf 80' lang='lat' dir='ltr'>attenuatis,</span> <span class='ocrx_word' id='word_1_71' title='bbox 665 779 912 838; x_wconf 84' lang='lat' dir='ltr'>pedunculis</span> <span class='ocrx_word' id='word_1_72' title='bbox 928 778 1064 834; x_wconf 82' lang='lat' dir='ltr'>calyce</span> <span class='ocrx_word' id='word_1_73' title='bbox 1080 774 1446 831; x_wconf 86' lang='lat' dir='ltr'>sublongioribus,</span> <span class='ocrx_word' id='word_1_74' title='bbox 1476 776 1630 832; x_wconf 89' lang='lat' dir='ltr'>sepalis</span> <span class='ocrx_word' id='word_1_75' title='bbox 1649 776 1886 834; x_wconf 85' lang='lat' dir='ltr'>petalisque</span> 
     </span>
     <span class='ocr_line' id='line_1_10' title="bbox 205 833 1887 903; baseline -0.005 -15"><span class='ocrx_word' id='word_1_76' title='bbox 205 845 420 903; x_wconf 75' lang='lat' dir='ltr'>quaternis</span> <span class='ocrx_word' id='word_1_77' title='bbox 457 841 615 886; x_wconf 84' lang='lat' dir='ltr'>obtusis</span> <span class='ocrx_word' id='word_1_78' title='bbox 653 840 764 882; x_wconf 82' lang='lat' dir='ltr'>hisce</span> <span class='ocrx_word' id='word_1_79' title='bbox 801 839 937 895; x_wconf 80' lang='lat' dir='ltr'>calyce</span> <span class='ocrx_word' id='word_1_80' title='bbox 973 836 1101 893; x_wconf 87' lang='lat' dir='ltr'>duplo</span> <span class='ocrx_word' id='word_1_81' title='bbox 1127 833 1411 890; x_wconf 79' lang='lat' dir='ltr'>longioribus,</span> <span class='ocrx_word' id='word_1_82' title='bbox 1441 834 1629 891; x_wconf 83' lang='lat' dir='ltr'>squamis</span> <span class='ocrx_word' id='word_1_83' title='bbox 1662 834 1887 880; x_wconf 79' lang='lat' dir='ltr'>fimbriatis</span> 
     </span>
     <span class='ocr_line' id='line_1_11' title="bbox 204 892 1888 959; baseline -0.005 -12"><span class='ocrx_word' id='word_1_84' title='bbox 204 903 466 959; x_wconf 75' lang='lat' dir='ltr'>longitndine</span> <span class='ocrx_word' id='word_1_85' title='bbox 494 900 648 951; x_wconf 87' lang='lat' dir='ltr'>ovarii,</span> <span class='ocrx_word' id='word_1_86' title='bbox 685 897 853 954; x_wconf 72' lang='lat' dir='ltr'>capsula</span> <span class='ocrx_word' id='word_1_87' title='bbox 890 895 1062 951; x_wconf 73' lang='lat' dir='ltr'>globosa</span> <span class='ocrx_word' id='word_1_88' title='bbox 1097 894 1299 950; x_wconf 78' lang='lat' dir='ltr'>depressa</span> <span class='ocrx_word' id='word_1_89' title='bbox 1325 892 1415 934; x_wconf 88' lang='lat' dir='ltr'>basi</span> <span class='ocrx_word' id='word_1_90' title='bbox 1444 900 1486 935; x_wconf 86' lang='lat' dir='ltr'>et</span> <span class='ocrx_word' id='word_1_91' title='bbox 1511 893 1630 949; x_wconf 83' lang='lat' dir='ltr'>apice</span> <span class='ocrx_word' id='word_1_92' title='bbox 1658 898 1799 938; x_wconf 70' lang='lat' dir='ltr'>retusa</span> <span class='ocrx_word' id='word_1_93' title='bbox 1828 902 1888 938; x_wconf 81' lang='lat' dir='ltr'>te-</span> 
     </span>
     <span class='ocr_line' id='line_1_12' title="bbox 207 950 1889 1018; baseline -0.005 -14"><span class='ocrx_word' id='word_1_94' title='bbox 207 965 386 1018; x_wconf 74' lang='lat' dir='ltr'>{raptera</span> <span class='ocrx_word' id='word_1_95' title='bbox 415 960 489 1002; x_wconf 86' lang='lat' dir='ltr'>alis</span> <span class='ocrx_word' id='word_1_96' title='bbox 516 958 661 1001; x_wconf 87' lang='lat' dir='ltr'>loculis</span> <span class='ocrx_word' id='word_1_97' title='bbox 688 955 924 1012; x_wconf 88' lang='lat' dir='ltr'>quadruplo</span> <span class='ocrx_word' id='word_1_98' title='bbox 951 952 1199 1004; x_wconf 77' lang='lat' dir='ltr'>latioribus,</span> <span class='ocrx_word' id='word_1_99' title='bbox 1245 950 1482 994; x_wconf 88' lang='lat' dir='ltr'>seminibus</span> <span class='ocrx_word' id='word_1_100' title='bbox 1524 953 1781 1009; x_wconf 85' lang='lat' dir='ltr'>compressis</span> <span class='ocrx_word' id='word_1_101' title='bbox 1818 954 1889 997; x_wconf 79' lang='lat' dir='ltr'>lae-</span> 
     </span>
     <span class='ocr_line' id='line_1_13' title="bbox 206 1021 385 1068; baseline -0.011 -6"><span class='ocrx_word' id='word_1_102' title='bbox 206 1021 324 1063; x_wconf 86' lang='lat' dir='ltr'>vibus</span> <span class='ocrx_word' id='word_1_103' title='bbox 351 1027 385 1068; x_wconf 59' lang='grc' dir='ltr'>ᾗ.</span> 
     </span>
    </p>

    <p class='ocr_par' dir='ltr' id='par_1_5' title="bbox 206 1072 1892 1307">
     <span class='ocr_line' id='line_1_14' title="bbox 264 1072 1892 1127; baseline -0.004 -8"><span class='ocrx_word' id='word_1_104' title='bbox 264 1084 365 1120; x_wconf 77' lang='lat' dir='ltr'>Hab.</span> <span class='ocrx_word' id='word_1_105' title='bbox 393 1085 428 1118; x_wconf 85' lang='lat' dir='ltr'>in</span> <span class='ocrx_word' id='word_1_106' title='bbox 453 1079 638 1127; x_wconf 81' lang='lat' dir='ltr'>lapidosis</span> <span class='ocrx_word' id='word_1_107' title='bbox 664 1079 917 1120; x_wconf 85' lang='lat' dir='ltr'>desertorum,</span> <span class='ocrx_word' id='word_1_108' title='bbox 940 1074 988 1111; x_wconf 88' lang='lat' dir='ltr'>ad</span> <span class='ocrx_word' id='word_1_109' title='bbox 1012 1072 1135 1111; x_wconf 86' lang='lat' dir='ltr'>Gebel</span> <span class='ocrx_word' id='word_1_110' title='bbox 1177 1072 1307 1111; x_wconf 82' lang='lat' dir='ltr'>Abiad</span> <span class='ocrx_word' id='word_1_111' title='bbox 1330 1072 1369 1110; x_wconf 87' lang='lat' dir='ltr'>in</span> <span class='ocrx_word' id='word_1_112' title='bbox 1400 1073 1557 1110; x_wconf 86' lang='lat' dir='ltr'>deserto</span> <span class='ocrx_word' id='word_1_113' title='bbox 1592 1072 1757 1121; x_wconf 86' lang='lat' dir='ltr'>Syriaco</span> <span class='ocrx_word' id='word_1_114' title='bbox 1791 1074 1892 1112; x_wconf 83' lang='lat' dir='ltr'>inter</span> 
     </span>
     <span class='ocr_line' id='line_1_15' title="bbox 206 1131 1892 1186; baseline -0.005 -6"><span class='ocrx_word' id='word_1_115' title='bbox 206 1143 331 1179; x_wconf 87' lang='lat' dir='ltr'>Hama</span> <span class='ocrx_word' id='word_1_116' title='bbox 355 1146 392 1178; x_wconf 88' lang='lat' dir='ltr'>et</span> <span class='ocrx_word' id='word_1_117' title='bbox 416 1140 632 1186; x_wconf 82' lang='lat' dir='ltr'>Palmyram</span> <span class='ocrx_word' id='word_1_118' title='bbox 657 1134 896 1186; x_wconf 64' lang='lat' dir='ltr'>(Blanchffl),</span> <span class='ocrx_word' id='word_1_119' title='bbox 921 1133 1059 1172; x_wconf 73' lang='lat' dir='ltr'>Persia</span> <span class='ocrx_word' id='word_1_120' title='bbox 1082 1133 1164 1170; x_wconf 90' lang='lat' dir='ltr'>bor.</span> <span class='ocrx_word' id='word_1_121' title='bbox 1184 1132 1364 1170; x_wconf 88' lang='lat' dir='ltr'>orientali</span> <span class='ocrx_word' id='word_1_122' title='bbox 1387 1131 1436 1169; x_wconf 88' lang='lat' dir='ltr'>ad</span> <span class='ocrx_word' id='word_1_123' title='bbox 1462 1131 1654 1170; x_wconf 88' lang='lat' dir='ltr'>Menschil</span> <span class='ocrx_word' id='word_1_124' title='bbox 1676 1136 1715 1170; x_wconf 86' lang='lat' dir='ltr'>et</span> <span class='ocrx_word' id='word_1_125' title='bbox 1730 1133 1892 1172; x_wconf 86' lang='lat' dir='ltr'>Rudbar</span> 
     </span>
     <span class='ocr_line' id='line_1_16' title="bbox 207 1184 1891 1249; baseline -0.005 -11"><span class='ocrx_word' id='word_1_126' title='bbox 207 1198 404 1249; x_wconf 61' lang='lat' dir='ltr'>(Bulisell,</span> <span class='ocrx_word' id='word_1_127' title='bbox 433 1199 586 1235; x_wconf 85' lang='lat' dir='ltr'>deserto</span> <span class='ocrx_word' id='word_1_128' title='bbox 620 1208 759 1245; x_wconf 84' lang='lat' dir='ltr'>magno</span> <span class='ocrx_word' id='word_1_129' title='bbox 790 1194 930 1232; x_wconf 86' lang='lat' dir='ltr'>Persiae</span> <span class='ocrx_word' id='word_1_130' title='bbox 965 1192 1101 1230; x_wconf 81' lang='lat' dir='ltr'>mediae</span> <span class='ocrx_word' id='word_1_131' title='bbox 1134 1191 1336 1229; x_wconf 88' lang='lat' dir='ltr'>orientalis</span> <span class='ocrx_word' id='word_1_132' title='bbox 1360 1191 1529 1238; x_wconf 88' lang='lat' dir='ltr'>(Buhse!</span> <span class='ocrx_word' id='word_1_133' title='bbox 1556 1184 1702 1242; x_wconf 76' lang='lat' dir='ltr'>Bgel),</span> <span class='ocrx_word' id='word_1_134' title='bbox 1729 1192 1891 1242; x_wconf 87' lang='lat' dir='ltr'>Affgha·</span> 
     </span>
     <span class='ocr_line' id='line_1_17' title="bbox 208 1242 1444 1307; baseline -0.007 -10"><span class='ocrx_word' id='word_1_135' title='bbox 208 1262 271 1297; x_wconf 72' lang='lat' dir='ltr'>nia</span> <span class='ocrx_word' id='word_1_136' title='bbox 294 1244 466 1307; x_wconf 66' lang='lat' dir='ltr'>(Gi-iffi),</span> <span class='ocrx_word' id='word_1_137' title='bbox 492 1255 716 1295; x_wconf 78' lang='lat' dir='ltr'>Betutschia</span> <span class='ocrx_word' id='word_1_138' title='bbox 736 1254 785 1292; x_wconf 89' lang='lat' dir='ltr'>ad</span> <span class='ocrx_word' id='word_1_139' title='bbox 811 1252 982 1291; x_wconf 77' lang='lat' dir='ltr'>Nicltara</span> <span class='ocrx_word' id='word_1_140' title='bbox 1007 1242 1233 1303; x_wconf 78' lang='lat' dir='ltr'>(Stocksl).</span> <span class='ocrx_word' id='word_1_141' title='bbox 1257 1250 1304 1288; x_wconf 90' lang='lat' dir='ltr'>Fl</span> <span class='ocrx_word' id='word_1_142' title='bbox 1329 1251 1444 1289; x_wconf 85' lang='lat' dir='ltr'>Mart.</span> 
     </span>
    </p>

    <p class='ocr_par' dir='ltr' id='par_1_6' title="bbox 206 1308 1893 1662">
     <span class='ocr_line' id='line_1_18' title="bbox 263 1308 1893 1363; baseline -0.004 -8"><span class='ocrx_word' id='word_1_143' title='bbox 263 1320 405 1356; x_wconf 83' lang='lat' dir='ltr'>Frutex</span> <span class='ocrx_word' id='word_1_144' title='bbox 429 1315 505 1356; x_wconf 80' lang='lat'>5-4</span> <span class='ocrx_word' id='word_1_145' title='bbox 529 1315 690 1363; x_wconf 86' lang='lat' dir='ltr'>pedalis,</span> <span class='ocrx_word' id='word_1_146' title='bbox 718 1314 811 1351; x_wconf 89' lang='lat' dir='ltr'>folia</span> <span class='ocrx_word' id='word_1_147' title='bbox 835 1325 920 1350; x_wconf 87' lang='lat' dir='ltr'>cum</span> <span class='ocrx_word' id='word_1_148' title='bbox 945 1311 1091 1359; x_wconf 86' lang='lat' dir='ltr'>petiolo</span> <span class='ocrx_word' id='word_1_149' title='bbox 1117 1308 1196 1350; x_wconf 88' lang='lat'>6-8</span> <span class='ocrx_word' id='word_1_150' title='bbox 1221 1311 1344 1349; x_wconf 86' lang='lat' dir='ltr'>lineas</span> <span class='ocrx_word' id='word_1_151' title='bbox 1376 1311 1517 1360; x_wconf 85' lang='lat' dir='ltr'>longa,</span> <span class='ocrx_word' id='word_1_152' title='bbox 1545 1311 1699 1359; x_wconf 81' lang='lat' dir='ltr'>stipulae</span> <span class='ocrx_word' id='word_1_153' title='bbox 1721 1312 1893 1349; x_wconf 87' lang='lat' dir='ltr'>breviter</span> 
     </span>
     <span class='ocr_line' id='line_1_19' title="bbox 207 1367 1886 1421; baseline -0.004 -7"><span class='ocrx_word' id='word_1_154' title='bbox 207 1384 243 1416; x_wconf 86' lang='lat' dir='ltr'>et</span> <span class='ocrx_word' id='word_1_155' title='bbox 269 1377 528 1415; x_wconf 86' lang='lat' dir='ltr'>obtusiuscule</span> <span class='ocrx_word' id='word_1_156' title='bbox 554 1374 823 1421; x_wconf 78' lang='lat' dir='ltr'>triangulares,</span> <span class='ocrx_word' id='word_1_157' title='bbox 850 1370 973 1409; x_wconf 85' lang='lat' dir='ltr'>ovarii</span> <span class='ocrx_word' id='word_1_158' title='bbox 999 1371 1115 1408; x_wconf 90' lang='lat' dir='ltr'>loculi</span> <span class='ocrx_word' id='word_1_159' title='bbox 1140 1370 1343 1418; x_wconf 85' lang='lat' dir='ltr'>biovulati‚</span> <span class='ocrx_word' id='word_1_160' title='bbox 1370 1370 1519 1408; x_wconf 86' lang='lat' dir='ltr'>corolla</span> <span class='ocrx_word' id='word_1_161' title='bbox 1539 1367 1569 1408; x_wconf 76' lang='lat'>4</span> <span class='ocrx_word' id='word_1_162' title='bbox 1599 1370 1726 1408; x_wconf 86' lang='lat' dir='ltr'>lineas</span> <span class='ocrx_word' id='word_1_163' title='bbox 1752 1371 1886 1419; x_wconf 86' lang='lat' dir='ltr'>longa,</span> 
     </span>
     <span class='ocr_line' id='line_1_20' title="bbox 206 1429 1884 1485; baseline -0.004 -10"><span class='ocrx_word' id='word_1_164' title='bbox 206 1437 365 1485; x_wconf 82' lang='lat' dir='ltr'>capsula</span> <span class='ocrx_word' id='word_1_165' title='bbox 388 1434 469 1475; x_wconf 87' lang='lat'>8-9</span> <span class='ocrx_word' id='word_1_166' title='bbox 496 1435 559 1471; x_wconf 88' lang='lat' dir='ltr'>lin.</span> <span class='ocrx_word' id='word_1_167' title='bbox 582 1434 699 1482; x_wconf 86' lang='lat' dir='ltr'>longa</span> <span class='ocrx_word' id='word_1_168' title='bbox 725 1429 860 1471; x_wconf 74' lang='lat'><strong>12-15</strong></span> <span class='ocrx_word' id='word_1_169' title='bbox 885 1431 978 1476; x_wconf 88' lang='lat' dir='ltr'>lata,</span> <span class='ocrx_word' id='word_1_170' title='bbox 1007 1430 1144 1467; x_wconf 91' lang='lat' dir='ltr'>loculis</span> <span class='ocrx_word' id='word_1_171' title='bbox 1170 1430 1466 1478; x_wconf 90' lang='lat' dir='ltr'>monospermis,</span> <span class='ocrx_word' id='word_1_172' title='bbox 1485 1429 1634 1467; x_wconf 83' lang='lat' dir='ltr'>semine</span> <span class='ocrx_word' id='word_1_173' title='bbox 1651 1431 1884 1468; x_wconf 88' lang='lat' dir='ltr'>semilunato</span> 
     </span>
     <span class='ocr_line' id='line_1_21' title="bbox 207 1488 1886 1548; baseline -0.005 -13"><span class='ocrx_word' id='word_1_174' title='bbox 207 1496 233 1536; x_wconf 85' lang='lat'>5</span> <span class='ocrx_word' id='word_1_175' title='bbox 251 1493 365 1548; x_wconf 57' lang='lat' dir='ltr'>72-AE</span> <span class='ocrx_word' id='word_1_176' title='bbox 387 1496 506 1532; x_wconf 86' lang='lat' dir='ltr'>lineas</span> <span class='ocrx_word' id='word_1_177' title='bbox 531 1494 662 1540; x_wconf 78' lang='lat' dir='ltr'>longo.</span> <span class='ocrx_word' id='word_1_178' title='bbox 691 1493 777 1529; x_wconf 81' lang='lat' dir='ltr'>Vidi</span> <span class='ocrx_word' id='word_1_179' title='bbox 804 1491 1018 1539; x_wconf 89' lang='lat' dir='ltr'>specimina</span> <span class='ocrx_word' id='word_1_180' title='bbox 1035 1490 1184 1527; x_wconf 88' lang='lat' dir='ltr'>sterilia</span> <span class='ocrx_word' id='word_1_181' title='bbox 1212 1502 1235 1527; x_wconf 84' lang='lat' dir='ltr'>a</span> <span class='ocrx_word' id='word_1_182' title='bbox 1260 1489 1306 1527; x_wconf 92' lang='lat' dir='ltr'>cl.</span> <span class='ocrx_word' id='word_1_183' title='bbox 1336 1488 1538 1527; x_wconf 85' lang='lat' dir='ltr'>Lehmann</span> <span class='ocrx_word' id='word_1_184' title='bbox 1561 1490 1600 1526; x_wconf 92' lang='lat' dir='ltr'>in</span> <span class='ocrx_word' id='word_1_185' title='bbox 1619 1489 1886 1527; x_wconf 67' lang='lat' dir='ltr'>Turkestania</span> 
     </span>
     <span class='ocr_line' id='line_1_22' title="bbox 207 1549 1886 1603; baseline -0.004 -11"><span class='ocrx_word' id='word_1_186' title='bbox 207 1557 307 1593; x_wconf 82' lang='lat' dir='ltr'>lecta</span> <span class='ocrx_word' id='word_1_187' title='bbox 331 1566 413 1603; x_wconf 80' lang='lat' dir='ltr'>quae</span> <span class='ocrx_word' id='word_1_188' title='bbox 442 1566 489 1591; x_wconf 80' lang='lat' dir='ltr'>ex</span> <span class='ocrx_word' id='word_1_189' title='bbox 512 1553 779 1590; x_wconf 79' lang='lat' dir='ltr'>distributione</span> <span class='ocrx_word' id='word_1_190' title='bbox 803 1549 1069 1598; x_wconf 74' lang='lat' dir='ltr'>geographica</span> <span class='ocrx_word' id='word_1_191' title='bbox 1093 1549 1167 1587; x_wconf 87' lang='lat' dir='ltr'>huc</span> <span class='ocrx_word' id='word_1_192' title='bbox 1198 1549 1329 1597; x_wconf 89' lang='lat' dir='ltr'>potius</span> <span class='ocrx_word' id='word_1_193' title='bbox 1364 1560 1479 1597; x_wconf 88' lang='lat' dir='ltr'>quam</span> <span class='ocrx_word' id='word_1_194' title='bbox 1513 1549 1562 1586; x_wconf 89' lang='lat' dir='ltr'>ad</span> <span class='ocrx_word' id='word_1_195' title='bbox 1599 1549 1886 1597; x_wconf 84' lang='lat' dir='ltr'>praecedentem</span> 
     </span>
     <span class='ocr_line' id='line_1_23' title="bbox 208 1615 590 1662; baseline -0.008 -11"><span class='ocrx_word' id='word_1_196' title='bbox 208 1615 375 1662; x_wconf 84' lang='lat' dir='ltr'>speciem</span> <span class='ocrx_word' id='word_1_197' title='bbox 403 1616 590 1660; x_wconf 86' lang='lat' dir='ltr'>spectant.</span> 
     </span>
    </p>
   </div>
   <div class='ocr_carea' id='block_1_4' title="bbox 823 1753 1259 1930">
    <p class='ocr_par' dir='ltr' id='par_1_7' title="bbox 823 1753 1259 1930">
     <span class='ocr_line' id='line_1_24' title="bbox 823 1753 1259 1812; baseline 0.002 -16"><span class='ocrx_word' id='word_1_198' title='bbox 823 1755 842 1812; x_wconf 65' lang='lat' dir='ltr'>g</span> <span class='ocrx_word' id='word_1_199' title='bbox 867 1753 909 1796; x_wconf 65' lang='lat'>2.</span> <span class='ocrx_word' id='word_1_200' title='bbox 945 1755 1259 1811; x_wconf 66' lang='lat' dir='ltr'>Angulata.</span> 
     </span>
     <span class='ocr_line' id='line_1_25' title="bbox 835 1881 1235 1930; baseline 0.005 -12"><span class='ocrx_word' id='word_1_201' title='bbox 835 1881 857 1902; x_wconf 38' lang='grc' dir='ltr'>ἦ</span> <span class='ocrx_word' id='word_1_202' title='bbox 890 1881 1001 1919; x_wconf 81' lang='lat' dir='ltr'>Folia</span> <span class='ocrx_word' id='word_1_203' title='bbox 1027 1882 1235 1930; x_wconf 88' lang='lat' dir='ltr'>simplicia.</span> 
     </span>
    </p>
   </div>
   <div class='ocr_carea' id='block_1_5' title="bbox 199 2001 1884 2296">
    <p class='ocr_par' dir='ltr' id='par_1_8' title="bbox 199 2001 1884 2296">
     <span class='ocr_line' id='line_1_26' title="bbox 259 2001 1884 2061; baseline -0.002 -11"><span class='ocrx_word' id='word_1_204' title='bbox 259 2008 310 2050; x_wconf 94' lang='lat' dir='ltr'>Z.</span> <span class='ocrx_word' id='word_1_205' title='bbox 342 2005 594 2061; x_wconf 81' lang='lat' dir='ltr'>simplex</span> <span class='ocrx_word' id='word_1_206' title='bbox 626 2003 686 2053; x_wconf 90' lang='lat' dir='ltr'>(L.</span> <span class='ocrx_word' id='word_1_207' title='bbox 725 2002 849 2045; x_wconf 82' lang='lat' dir='ltr'>Mant.</span> <span class='ocrx_word' id='word_1_208' title='bbox 889 2016 926 2059; x_wconf 90' lang='lat' dir='ltr'>p.</span> <span class='ocrx_word' id='word_1_209' title='bbox 957 2001 1030 2060; x_wconf 87' lang='grc'>68)</span> <span class='ocrx_word' id='word_1_210' title='bbox 1073 2002 1288 2058; x_wconf 83' lang='lat' dir='ltr'>glabrum,</span> <span class='ocrx_word' id='word_1_211' title='bbox 1326 2017 1350 2046; x_wconf 88' lang='lat' dir='ltr'>a</span> <span class='ocrx_word' id='word_1_212' title='bbox 1375 2003 1482 2046; x_wconf 91' lang='lat' dir='ltr'>collo</span> <span class='ocrx_word' id='word_1_213' title='bbox 1510 2016 1726 2046; x_wconf 85' lang='lat' dir='ltr'>ramosum</span> <span class='ocrx_word' id='word_1_214' title='bbox 1755 2002 1884 2046; x_wconf 87' lang='lat' dir='ltr'>ramis</span> 
     </span>
     <span class='ocr_line' id='line_1_27' title="bbox 201 2060 1884 2122; baseline -0.002 -14"><span class='ocrx_word' id='word_1_215' title='bbox 201 2065 418 2122; x_wconf 76' lang='lat' dir='ltr'>prostratis</span> <span class='ocrx_word' id='word_1_216' title='bbox 453 2062 671 2105; x_wconf 82' lang='lat' dir='ltr'>herbaceis</span> <span class='ocrx_word' id='word_1_217' title='bbox 715 2060 1035 2114; x_wconf 77' lang='lat' dir='ltr'>ramosissimiS,</span> <span class='ocrx_word' id='word_1_218' title='bbox 1079 2061 1243 2118; x_wconf 88' lang='lat' dir='ltr'>stipulis</span> <span class='ocrx_word' id='word_1_219' title='bbox 1283 2061 1529 2106; x_wconf 83' lang='lat' dir='ltr'>lanceolatis</span> <span class='ocrx_word' id='word_1_220' title='bbox 1570 2061 1728 2116; x_wconf 85' lang='lat' dir='ltr'>acutis,</span> <span class='ocrx_word' id='word_1_221' title='bbox 1772 2061 1884 2105; x_wconf 86' lang='lat' dir='ltr'>foliis</span> 
     </span>
     <span class='ocr_line' id='line_1_28' title="bbox 199 2120 1881 2179; baseline -0.001 -13"><span class='ocrx_word' id='word_1_222' title='bbox 199 2123 412 2166; x_wconf 80' lang='lat' dir='ltr'>sessilibus</span> <span class='ocrx_word' id='word_1_223' title='bbox 439 2120 679 2179; x_wconf 79' lang='lat' dir='ltr'>cylindricis</span> <span class='ocrx_word' id='word_1_224' title='bbox 706 2120 893 2162; x_wconf 85' lang='lat' dir='ltr'>carnosis</span> <span class='ocrx_word' id='word_1_225' title='bbox 920 2120 1081 2163; x_wconf 82' lang='lat' dir='ltr'>obtusis</span> <span class='ocrx_word' id='word_1_226' title='bbox 1098 2155 1107 2173; x_wconf 92' lang='lat'>,</span> <span class='ocrx_word' id='word_1_227' title='bbox 1136 2120 1390 2177; x_wconf 88' lang='lat' dir='ltr'>pedunculis</span> <span class='ocrx_word' id='word_1_228' title='bbox 1416 2120 1682 2177; x_wconf 81' lang='lat' dir='ltr'>longitudine</span> <span class='ocrx_word' id='word_1_229' title='bbox 1709 2120 1881 2178; x_wconf 80' lang='lat' dir='ltr'>calycis,</span> 
     </span>
     <span class='ocr_line' id='line_1_29' title="bbox 201 2178 1883 2238; baseline -0.002 -14"><span class='ocrx_word' id='word_1_230' title='bbox 201 2182 351 2238; x_wconf 66' lang='lat' dir='ltr'>sepelis</span> <span class='ocrx_word' id='word_1_231' title='bbox 378 2181 564 2224; x_wconf 84' lang='lat' dir='ltr'>obovatis</span> <span class='ocrx_word' id='word_1_232' title='bbox 581 2215 590 2233; x_wconf 86' lang='lat'>,</span> <span class='ocrx_word' id='word_1_233' title='bbox 618 2179 767 2236; x_wconf 85' lang='lat' dir='ltr'>petalis</span> <span class='ocrx_word' id='word_1_234' title='bbox 793 2178 1067 2235; x_wconf 83' lang='lat' dir='ltr'>spathulatis,</span> <span class='ocrx_word' id='word_1_235' title='bbox 1097 2178 1286 2236; x_wconf 85' lang='lat' dir='ltr'>squamis</span> <span class='ocrx_word' id='word_1_236' title='bbox 1312 2178 1544 2236; x_wconf 71' lang='lat' dir='ltr'>bipartitis,</span> <span class='ocrx_word' id='word_1_237' title='bbox 1573 2178 1705 2223; x_wconf 87' lang='lat' dir='ltr'>ovarii</span> <span class='ocrx_word' id='word_1_238' title='bbox 1732 2178 1883 2222; x_wconf 88' lang='lat' dir='ltr'>loculis</span> 
     </span>
     <span class='ocr_line' id='line_1_30' title="bbox 200 2237 1883 2296; baseline -0.001 -14"><span class='ocrx_word' id='word_1_239' title='bbox 200 2239 442 2292; x_wconf 72' lang='lat' dir='ltr'>4-ovulatis,</span> <span class='ocrx_word' id='word_1_240' title='bbox 471 2239 640 2296; x_wconf 80' lang='lat' dir='ltr'>capsula</span> <span class='ocrx_word' id='word_1_241' title='bbox 666 2237 826 2280; x_wconf 74' lang='lat' dir='ltr'>deflexa</span> <span class='ocrx_word' id='word_1_242' title='bbox 854 2238 1053 2293; x_wconf 78' lang='lat' dir='ltr'>rugulosa</span> <span class='ocrx_word' id='word_1_243' title='bbox 1079 2237 1294 2280; x_wconf 77' lang='lat' dir='ltr'>turbinata</span> <span class='ocrx_word' id='word_1_244' title='bbox 1322 2237 1366 2280; x_wconf 88' lang='lat' dir='ltr'>in</span> <span class='ocrx_word' id='word_1_245' title='bbox 1393 2237 1419 2281; x_wconf 89' lang='lat'>5</span> <span class='ocrx_word' id='word_1_246' title='bbox 1438 2251 1587 2282; x_wconf 89' lang='lat' dir='ltr'>coccos</span> <span class='ocrx_word' id='word_1_247' title='bbox 1614 2251 1883 2294; x_wconf 86' lang='lat' dir='ltr'>compressos</span> 
     </span>
    </p>
   </div>
   <div class='ocr_carea' id='block_1_6' title="bbox 200 2295 1878 2412">
    <p class='ocr_par' dir='ltr' id='par_1_9' title="bbox 200 2295 1878 2412">
     <span class='ocr_line' id='line_1_31' title="bbox 200 2295 1878 2354; baseline -0.001 -15"><span class='ocrx_word' id='word_1_248' title='bbox 200 2298 405 2354; x_wconf 89' lang='lat' dir='ltr'>profunde</span> <span class='ocrx_word' id='word_1_249' title='bbox 432 2298 605 2354; x_wconf 75' lang='lat' dir='ltr'>partita,</span> <span class='ocrx_word' id='word_1_250' title='bbox 642 2295 876 2339; x_wconf 90' lang='lat' dir='ltr'>seminibus</span> <span class='ocrx_word' id='word_1_251' title='bbox 902 2295 1096 2351; x_wconf 82' lang='lat' dir='ltr'>oblongis</span> <span class='ocrx_word' id='word_1_252' title='bbox 1123 2295 1325 2352; x_wconf 87' lang='lat' dir='ltr'>utrinque</span> <span class='ocrx_word' id='word_1_253' title='bbox 1353 2296 1580 2340; x_wconf 83' lang='lat' dir='ltr'>attenuatis</span> <span class='ocrx_word' id='word_1_254' title='bbox 1607 2295 1781 2340; x_wconf 86' lang='lat' dir='ltr'>laevihus</span> <span class='ocrx_word' id='word_1_255' title='bbox 1812 2302 1878 2348; x_wconf 76' lang='grc' dir='ltr'>Θ.</span> 
     </span>
     <span class='ocr_line' id='line_1_32' title="bbox 200 2353 1308 2412; baseline -0.001 -14"><span class='ocrx_word' id='word_1_256' title='bbox 200 2357 247 2398; x_wconf 94' lang='lat' dir='ltr'>Z.</span> <span class='ocrx_word' id='word_1_257' title='bbox 277 2356 584 2412; x_wconf 75' lang='lat' dir='ltr'>portulacoides</span> <span class='ocrx_word' id='word_1_258' title='bbox 610 2354 758 2397; x_wconf 86' lang='lat' dir='ltr'>Forsk.</span> <span class='ocrx_word' id='word_1_259' title='bbox 789 2354 933 2396; x_wconf 88' lang='lat' dir='ltr'>Descr.</span> <span class='ocrx_word' id='word_1_260' title='bbox 965 2353 1037 2407; x_wconf 85' lang='lat'>88,</span> <span class='ocrx_word' id='word_1_261' title='bbox 1066 2354 1150 2397; x_wconf 84' lang='lat' dir='ltr'>tab.</span> <span class='ocrx_word' id='word_1_262' title='bbox 1181 2353 1237 2397; x_wconf 71' lang='lat'>402</span> <span class='ocrx_word' id='word_1_263' title='bbox 1265 2354 1308 2397; x_wconf 91' lang='lat' dir='ltr'>B.</span> 
     </span>
    </p>
   </div>
   <div class='ocr_carea' id='block_1_7' title="bbox 201 2416 1881 2645">
    <p class='ocr_par' dir='ltr' id='par_1_10' title="bbox 201 2416 1881 2586">
     <span class='ocr_line' id='line_1_33' title="bbox 257 2416 1880 2466; baseline 0 -11"><span class='ocrx_word' id='word_1_264' title='bbox 257 2419 357 2457; x_wconf 88' lang='lat' dir='ltr'>Hab.</span> <span class='ocrx_word' id='word_1_265' title='bbox 387 2421 422 2455; x_wconf 86' lang='lat' dir='ltr'>in</span> <span class='ocrx_word' id='word_1_266' title='bbox 447 2419 622 2457; x_wconf 81' lang='lat' dir='ltr'>arenosis</span> <span class='ocrx_word' id='word_1_267' title='bbox 640 2418 879 2454; x_wconf 86' lang='lat' dir='ltr'>desertorum</span> <span class='ocrx_word' id='word_1_268' title='bbox 896 2416 1061 2465; x_wconf 85' lang='lat' dir='ltr'>AEgypti</span> <span class='ocrx_word' id='word_1_269' title='bbox 1084 2418 1196 2456; x_wconf 88' lang='lat' dir='ltr'>infer.</span> <span class='ocrx_word' id='word_1_270' title='bbox 1222 2422 1260 2455; x_wconf 83' lang='lat' dir='ltr'>et</span> <span class='ocrx_word' id='word_1_271' title='bbox 1277 2417 1493 2466; x_wconf 86' lang='lat' dir='ltr'>superioris</span> <span class='ocrx_word' id='word_1_272' title='bbox 1513 2418 1616 2466; x_wconf 86' lang='lat' dir='ltr'>(Del.</span> <span class='ocrx_word' id='word_1_273' title='bbox 1645 2416 1771 2456; x_wconf 89' lang='lat' dir='ltr'>Auch.</span> <span class='ocrx_word' id='word_1_274' title='bbox 1798 2428 1880 2455; x_wconf 85' lang='lat' dir='ltr'>exs.</span> 
     </span>
     <span class='ocr_line' id='line_1_34' title="bbox 201 2473 1881 2530; baseline 0 -14"><span class='ocrx_word' id='word_1_275' title='bbox 201 2475 311 2516; x_wconf 78' lang='lat'><strong>792!</strong></span> <span class='ocrx_word' id='word_1_276' title='bbox 340 2478 471 2515; x_wconf 81' lang='lat' dir='ltr'>Boiss!</span> <span class='ocrx_word' id='word_1_277' title='bbox 510 2477 607 2514; x_wconf 87' lang='lat' dir='ltr'>Kral</span> <span class='ocrx_word' id='word_1_278' title='bbox 624 2473 664 2527; x_wconf 81' lang='lat' dir='ltr'>l),</span> <span class='ocrx_word' id='word_1_279' title='bbox 699 2475 854 2514; x_wconf 86' lang='lat' dir='ltr'>Arabiae</span> <span class='ocrx_word' id='word_1_280' title='bbox 878 2480 1022 2523; x_wconf 81' lang='lat' dir='ltr'>petreae</span> <span class='ocrx_word' id='word_1_281' title='bbox 1047 2474 1242 2525; x_wconf 72' lang='lat' dir='ltr'>(sehimp.</span> <span class='ocrx_word' id='word_1_282' title='bbox 1269 2487 1352 2515; x_wconf 79' lang='lat' dir='ltr'>exs.</span> <span class='ocrx_word' id='word_1_283' title='bbox 1376 2474 1456 2516; x_wconf 79' lang='lat'>441</span> <span class='ocrx_word' id='word_1_284' title='bbox 1481 2476 1490 2515; x_wconf 88' lang='lat'><strong>!</strong></span> <span class='ocrx_word' id='word_1_285' title='bbox 1519 2476 1652 2530; x_wconf 72' lang='lat' dir='ltr'>Bove!</span> <span class='ocrx_word' id='word_1_286' title='bbox 1680 2476 1795 2515; x_wconf 89' lang='lat' dir='ltr'>Boiss</span> <span class='ocrx_word' id='word_1_287' title='bbox 1813 2473 1822 2516; x_wconf 79' lang='lat' dir='ltr'>l</span> <span class='ocrx_word' id='word_1_288' title='bbox 1840 2474 1852 2525; x_wconf 89' lang='lat'>)</span> <span class='ocrx_word' id='word_1_289' title='bbox 1871 2506 1881 2525; x_wconf 89' lang='lat'>,</span> 
     </span>
     <span class='ocr_line' id='line_1_35' title="bbox 201 2532 1199 2586; baseline 0.001 -13"><span class='ocrx_word' id='word_1_290' title='bbox 201 2537 308 2584; x_wconf 86' lang='lat' dir='ltr'>regni</span> <span class='ocrx_word' id='word_1_291' title='bbox 334 2535 505 2574; x_wconf 88' lang='lat' dir='ltr'>Mascate</span> <span class='ocrx_word' id='word_1_292' title='bbox 531 2534 673 2586; x_wconf 91' lang='lat' dir='ltr'>(Auch.</span> <span class='ocrx_word' id='word_1_293' title='bbox 701 2547 780 2573; x_wconf 82' lang='lat' dir='ltr'>exs.</span> <span class='ocrx_word' id='word_1_294' title='bbox 808 2532 982 2583; x_wconf 74' lang='lat' dir='ltr'>4505t).</span> <span class='ocrx_word' id='word_1_295' title='bbox 1007 2535 1067 2573; x_wconf 88' lang='lat' dir='ltr'>Fl.</span> <span class='ocrx_word' id='word_1_296' title='bbox 1094 2546 1199 2574; x_wconf 89' lang='lat' dir='ltr'>vere.</span> 
     </span>
    </p>

    <p class='ocr_par' dir='ltr' id='par_1_11' title="bbox 256 2593 1879 2645">
     <span class='ocr_line' id='line_1_36' title="bbox 256 2593 1879 2645; baseline 0 -14"><span class='ocrx_word' id='word_1_297' title='bbox 256 2593 329 2632; x_wconf 82' lang='lat' dir='ltr'>Ar.</span> <span class='ocrx_word' id='word_1_298' title='bbox 363 2593 521 2644; x_wconf 79' lang='lat' dir='ltr'>Geogr.</span> <span class='ocrx_word' id='word_1_299' title='bbox 546 2594 685 2632; x_wconf 87' lang='lat' dir='ltr'>Insulae</span> <span class='ocrx_word' id='word_1_300' title='bbox 705 2593 853 2642; x_wconf 84' lang='lat' dir='ltr'>Capitis</span> <span class='ocrx_word' id='word_1_301' title='bbox 878 2594 1036 2643; x_wconf 84' lang='lat' dir='ltr'>Viridis,</span> <span class='ocrx_word' id='word_1_302' title='bbox 1058 2593 1202 2645; x_wconf 84' lang='lat' dir='ltr'>Nubia,</span> <span class='ocrx_word' id='word_1_303' title='bbox 1222 2594 1371 2634; x_wconf 87' lang='lat' dir='ltr'>Arabia</span> <span class='ocrx_word' id='word_1_304' title='bbox 1393 2596 1559 2645; x_wconf 86' lang='lat' dir='ltr'>tropica,</span> <span class='ocrx_word' id='word_1_305' title='bbox 1584 2595 1627 2634; x_wconf 94' lang='lat' dir='ltr'>P.</span> <span class='ocrx_word' id='word_1_306' title='bbox 1654 2596 1754 2634; x_wconf 88' lang='lat' dir='ltr'>Bon.</span> <span class='ocrx_word' id='word_1_307' title='bbox 1773 2593 1879 2643; x_wconf 87' lang='lat' dir='ltr'>Spei.</span> 
     </span>
    </p>
   </div>
   <div class='ocr_carea' id='block_1_8' title="bbox 634 2738 1434 2908">
    <p class='ocr_par' dir='ltr' id='par_1_12' title="bbox 634 2738 1434 2908">
     <span class='ocr_line' id='line_1_37' title="bbox 634 2738 1434 2790; baseline 0.005 -14"><span class='ocrx_word' id='word_1_308' title='bbox 634 2738 655 2760; x_wconf 40' lang='grc' dir='ltr'><strong>ἥ</strong></span> <span class='ocrx_word' id='word_1_309' title='bbox 688 2738 710 2760; x_wconf 59' lang='lat'>³*</span> <span class='ocrx_word' id='word_1_310' title='bbox 745 2739 856 2777; x_wconf 87' lang='lat' dir='ltr'>Folia</span> <span class='ocrx_word' id='word_1_311' title='bbox 879 2740 1098 2788; x_wconf 87' lang='lat' dir='ltr'>composita</span> <span class='ocrx_word' id='word_1_312' title='bbox 1121 2741 1264 2779; x_wconf 88' lang='lat' dir='ltr'>foliolis</span> <span class='ocrx_word' id='word_1_313' title='bbox 1291 2742 1434 2790; x_wconf 86' lang='lat' dir='ltr'>planis.</span> 
     </span>
     <span class='ocr_line' id='line_1_38' title="bbox 816 2854 1261 2908; baseline 0.011 -15"><span class='ocrx_word' id='word_1_314' title='bbox 816 2854 848 2906; x_wconf 84' lang='lat'>†</span> <span class='ocrx_word' id='word_1_315' title='bbox 877 2855 1027 2895; x_wconf 85' lang='lat' dir='ltr'>Foliola</span> <span class='ocrx_word' id='word_1_316' title='bbox 1050 2857 1261 2908; x_wconf 81' lang='lat' dir='ltr'>plurijuga.</span> 
     </span>
    </p>
   </div>
   <div class='ocr_carea' id='block_1_9' title="bbox 260 2966 1879 3030">
    <p class='ocr_par' dir='ltr' id='par_1_13' title="bbox 260 2966 1879 3030">
     <span class='ocr_line' id='line_1_39' title="bbox 260 2966 1879 3030; baseline 0.003 -18"><span class='ocrx_word' id='word_1_317' title='bbox 260 2972 309 3013; x_wconf 92' lang='lat' dir='ltr'>Z.</span> <span class='ocrx_word' id='word_1_318' title='bbox 336 2969 648 3012; x_wconf 80' lang='lat' dir='ltr'>miniatum</span> <span class='ocrx_word' id='word_1_319' title='bbox 676 2966 897 3023; x_wconf 86' lang='lat' dir='ltr'>(Chamiss.</span> <span class='ocrx_word' id='word_1_320' title='bbox 928 2968 1048 3012; x_wconf 91' lang='lat' dir='ltr'>Linn.</span> <span class='ocrx_word' id='word_1_321' title='bbox 1078 2969 1126 3022; x_wconf 88' lang='lat' dir='ltr'>V,</span> <span class='ocrx_word' id='word_1_322' title='bbox 1158 2984 1198 3027; x_wconf 92' lang='lat' dir='ltr'>p.</span> <span class='ocrx_word' id='word_1_323' title='bbox 1227 2970 1321 3028; x_wconf 75' lang='lat'>49),</span> <span class='ocrx_word' id='word_1_324' title='bbox 1349 2971 1570 3028; x_wconf 86' lang='lat' dir='ltr'>glabrum,</span> <span class='ocrx_word' id='word_1_325' title='bbox 1599 2972 1730 3016; x_wconf 81' lang='lat' dir='ltr'>ramis</span> <span class='ocrx_word' id='word_1_326' title='bbox 1756 2987 1879 3030; x_wconf 90' lang='lat' dir='ltr'>pros-</span> 
     </span>
    </p>
   </div>
   <div class='ocr_carea' id='block_1_10' title="bbox 1995 0 2021 3235">
    <p class='ocr_par' dir='ltr' id='par_1_14' title="bbox 1995 0 2021 3235">
     <span class='ocr_line' id='line_1_40' title="bbox 1995 0 2021 3235; baseline 0 0"><span class='ocrx_word' id='word_1_327' title='bbox 1995 0 2021 3235; x_wconf 95' lang='lat' dir='ltr'> </span> 
     </span>
    </p>
   </div>
  </div>
 </body>
</html>
