2021 3235
1019 93 1104 138 504

223 195 409 244 pollicem
433 194 550 242 longa
572 193 715 230 lineam
739 192 830 239 lata,
858 189 973 238 calyx
997 185 1209 236 pollicaris.
1236 184 1386 223 Petalis
1409 183 1528 222 refert
1559 184 1605 223 D.
1627 183 1804 233 Sequieri
1827 195 1907 222 var.

224 258 457 294 montanum
483 252 550 291 sed
574 253 690 300 longe
715 251 843 288 differt
862 248 1022 287 caudice
1049 247 1221 293 lignoso,
1244 243 1348 281 foliis
1373 243 1524 291 rigidis.
1548 244 1583 282 A
1606 243 1652 283 D.
1674 244 1804 293 riqido
1823 240 1907 281 ΜΒ.

223 315 376 364 longius
400 313 518 352 distat
542 312 676 360 calyce
699 309 817 359 duplo
844 307 1053 356 crassiore,
1091 303 1235 342 lamina
1268 302 1437 342 obovata
1469 314 1540 341 nec
1563 304 1909 353 lineari-oblonga.

286 504 345 547 D.
377 499 644 557 Sequieri
687 496 797 553 (Vill.
829 494 975 551 Delph.
1007 493 1081 547 ΙΙΙ,
1112 506 1151 550 p.
1183 491 1286 547 591)
1327 491 1491 546 viridis,
1529 491 1722 536 caulibus
1760 493 1912 537 erectis

228 557 613 618 subquadrangulis
635 554 898 612 simplicibus
915 553 979 595 vel
997 565 1122 609 parce
1139 550 1600 609 paniculato-ramosis,
1619 550 1729 594 foliis
1757 551 1913 595 strictis

227 621 308 663 late
348 612 580 661 linearibus
622 612 872 657 acuminatis
914 609 1372 668 subquinquenerviis,
1416 608 1596 653 floribus
1623 609 1824 653 solitariis
1849 611 1914 653 vel

227 675 488 734 aggregatim
517 672 768 717 fasciculatis
797 670 907 714 soliis
934 668 1190 712 abbreviatis
1216 667 1461 721 bracteatiS,
1499 668 1688 726 squamis
1723 667 1801 712 4-6
1838 669 1913 712 ad-

226 735 383 793 pressis
409 733 539 777 ovatis
566 732 609 775 in
637 730 854 787 cuspidem
882 729 1137 771 herbaceam
1165 728 1344 783 abrupte
1374 727 1614 770 attenuatis
1635 728 1822 786 calycem
1850 727 1914 771 di-

227 794 406 838 midium
433 790 700 849 aequantibus
727 790 789 831 vel
817 786 1135 844 superantibus,
1174 785 1324 844 calycis
1352 785 1518 828 inferne
1546 785 1780 830 laeviusculi
1809 786 1914 829 den-

227 853 340 896 tibus
365 851 551 895 breviter
576 847 818 892 lanceolatis
846 845 1126 898 mucronatiS,
1155 845 1312 888 lamina
1341 848 1463 888 rosea
1491 845 1717 889 barbulata
1737 846 1916 889 obovata

229 918 349 955 acute
377 912 545 954 dentata
579 914 636 954 26.
668 906 834 965 Formze
862 911 1089 962 sequentes
1116 910 1367 947 occurrunt.

289 999 327 1021 α.
359 977 556 1020 collinus.
586 972 731 1015 Flores
759 970 993 1028 aggregati.
1023 969 1186 1026 Vagina
1212 969 1344 1013 caulis
1372 968 1502 1012 diam.
1534 970 1716 1028 longior.
1748 970 1800 1013 D.
1831 971 1918 1013 col-

231 1037 348 1079 linus
375 1035 441 1078 W.
474 1034 520 1076 K.
553 1033 693 1087 Hung.
725 1031 809 1074 tab.
840 1029 910 1074 38.
942 1029 1077 1073 Rchh.
1109 1029 1137 1072 f.
1170 1027 1299 1072 5022.

285 1106 384 1144 Hab.
410 1106 447 1142 in
470 1102 640 1141 Thracia
663 1102 711 1139 ad
737 1100 1033 1150 AdrianOpolim
1057 1099 1222 1148 (Frivl).

286 1171 332 1225 β.
362 1173 607 1211 montanus.
654 1165 797 1207 Flores
825 1162 1001 1207 solitarii
1032 1163 1095 1207 vel
1122 1164 1212 1207 laxe
1241 1162 1540 1220 approximati.
1585 1162 1748 1219 Vagina
1786 1163 1920 1207 caulis

229 1227 454 1331 &igmtglgx
482 1225 662 1327 {709n5gi0r'
711 1224 761 1266 D.
792 1227 1023 1266 montanus
1053 1222 1137 1265 ΜΒ.
1171 1222 1205 1275 l,
1233 1236 1276 1279 p.
1307 1220 1407 1264 327.
1453 1221 1506 1264 D.
1543 1220 1799 1265 Caucasicus
1826 1222 1916 1266 Bot.

297 1300 338 1343 g.
451 1322 454 1326 ,
576 1319 583 1326 .

292 1357 391 1395 Hab.
411 1356 449 1393 in
474 1355 639 1394 collibus
666 1357 703 1391 et
726 1353 847 1401 pratis
872 1351 937 1391 Cis
960 1356 999 1390 et
1023 1352 1347 1391 Transcaucasiae
1374 1350 1473 1404 (ΜΒ.
1495 1345 1646 1404 ·H0·.1!).

290 1422 364 1462 Ar.
396 1421 557 1472 Geogr.
593 1420 748 1469 Europa
773 1420 900 1460 media
924 1420 961 1458 in
986 1420 1192 1470 montanis,
1219 1419 1375 1458 Sibiria.

291 1613 350 1656 D.
386 1610 744 1667 campestris
775 1608 879 1666 (ΜΒ.
910 1609 1036 1652 Taur.
1068 1607 1191 1651 Cauc.
1225 1608 1258 1662 I,
1290 1621 1329 1664 p.
1362 1606 1466 1664 326)
1495 1607 1754 1651 multicaulis
1780 1609 1928 1665 glaber

232 1671 294 1713 vel
322 1669 507 1713 breviter
533 1667 919 1726 pruinoso-hirtuS,
948 1666 1142 1711 caulibus
1168 1665 1330 1710 foliosis
1367 1666 1575 1721 ramosis,
1605 1666 1715 1710 foliis
1749 1676 1927 1725 anguste

232 1728 464 1772 linearibus
490 1727 724 1771 ssaccidulis
742 1726 995 1770 acuminatis
1014 1725 1247 1779 trinerviiS,
1275 1725 1425 1782 vagina
1443 1725 1715 1780 brevissima,
1745 1726 1926 1771 floribus

234 1787 455 1841 solitariis,
492 1786 681 1844 squamis
713 1785 740 1828 4
773 1785 968 1842 oblongis
1002 1785 1045 1828 in
1078 1785 1299 1842 cuspidem
1338 1785 1580 1828 subulatam
1617 1785 1926 1842 longiusculam

234 1846 458 1890 attenuatis
486 1847 668 1904 calycem
696 1844 1210 1902 dimidiumsaequantibus
1226 1844 1292 1887 vel
1308 1843 1626 1901 superantibus,
1656 1844 1810 1902 calycis
1828 1844 1927 1888 den-

233 1905 345 1949 tibus
372 1904 613 1948 lanceolatis
641 1902 893 1947 acuminatis
921 1903 1090 1958 ciliatis,
1119 1903 1277 1947 lamina
1304 1905 1522 1960 purpurea
1540 1903 1926 1947 maculato-harbu-

233 1965 316 2007 lata
342 1964 490 2008 subtus
518 1963 772 2007 ochroleuca
799 1962 976 2006 obovata
1004 1971 1126 2006 acute
1154 1963 1325 2006 dentata
1342 1963 1484 2020 calyce
1502 1961 1630 2020 triplo
1647 1962 1832 2006 breviori
1860 1970 1921 2012 26.

236 2023 367 2066 Rchb.
399 2023 458 2080 pt.
486 2021 585 2066 Crit.
617 2022 701 2065 tab.
735 2020 834 2065 520.

293 2094 394 2132 Hab.
429 2093 467 2131 in
501 2092 783 2141 campestribus
818 2091 934 2130 siccis
954 2091 1110 2129 Tauriae
1133 2094 1170 2129 et
1192 2102 1304 2139 prov·
1331 2089 1694 2130 Ciscaucasicarum
1716 2092 1860 2144 (MR),
1886 2092 1925 2130 in

235 2152 551 2192 Transcaucasia
574 2152 624 2190 ad
648 2150 943 2190 Beschbarmak
967 2150 1177 2202 (O.A.M!).
1200 2150 1260 2189 Fi.
1285 2154 1367 2188 aest.

293 2221 565 2270 Semipedalis.
601 2221 722 2259 facies
748 2224 785 2259 et
806 2221 923 2259 flores
950 2220 1083 2259 minuti
1107 2220 1149 2258 D.
1175 2220 1369 2270 delcoidez',
1397 2220 1528 2258 differt
1557 2232 1580 2258 a
1602 2220 1738 2259 formis
1763 2221 1861 2259 laxis
1888 2225 1925 2259 et

234 2282 454 2330 parvifloris
477 2281 733 2330 praecedentis
756 2281 858 2319 foliis
881 2280 1082 2329 angustis,
1118 2280 1278 2320 floribus
1310 2292 1387 2319 non
1408 2280 1642 2331 bracteatis,
1677 2292 1925 2330 squamarum

236 2341 395 2390 cuspide
417 2353 494 2380 non
519 2341 726 2390 herbacea,
751 2341 886 2389 calyce
909 2340 1139 2389 angustiori.

293 2407 368 2448 Ar.
402 2408 564 2460 Geogr.
596 2409 740 2448 Rossia
763 2409 960 2456 australis,
987 2409 1145 2447 deserta
1167 2408 1386 2447 Uralensia.

294 2585 352 2628 D.
373 2583 774 2640 pallidiflorus
804 2583 911 2640 (Ser.
944 2583 986 2626 in
1014 2595 1081 2626 nc.
1113 2583 1262 2626 Prodr.
1293 2582 1327 2635 I,
1355 2596 1397 2639 p.
1429 2581 1531 2635 358)
1559 2581 1816 2625 multicaulis
1833 2581 1923 2625 basi

235 2642 551 2695 suffrutescens,
583 2642 776 2685 caulibus
804 2641 923 2685 elatis
949 2641 1151 2685 tenuibus
1178 2640 1329 2684 erectis
1357 2640 1621 2684 divaricatim
1639 2647 1679 2684 et
1695 2642 1785 2684 laxe
1803 2640 1924 2698 pani-

234 2701 398 2755 culatis,
432 2700 543 2744 foliis
570 2707 748 2757 anguste
774 2700 1009 2744 linearibus
1038 2700 1170 2743 acutis
1193 2699 1426 2752 trinerviis,
1455 2699 1607 2756 vagina
1632 2699 1764 2743 caulis
1791 2700 1920 2743 diam.

233 2759 450 2816 longiore,
492 2759 671 2802 floribus
713 2758 912 2802 solitariis
953 2759 1043 2802 basi
1078 2773 1189 2816 saepe
1223 2758 1477 2811 bracteatus,
1513 2758 1701 2816 squamis
1733 2758 1762 2801 4
1793 2758 1923 2802 ovatis

233 2818 832 2875 membranaceo-marginatis
859 2818 901 2861 in
929 2818 1148 2875 cuspidem
1176 2819 1355 2874 abrupte
1379 2817 1605 2861 attenuatis
1632 2818 1771 2876 calyce
1800 2817 1924 2874 triplo

233 2876 516 2932 brevioribus,
545 2877 698 2936 calycis
725 2877 891 2933 angusti
919 2876 1119 2921 dentibus
1145 2876 1416 2931 acuminatiS,
1447 2876 1603 2921 lamina
1621 2876 1774 2934 pallide
1801 2879 1924 2920 rosea
