2021 3235
942 160 1019 204 631

719 318 738 374 g
774 316 841 360 18.
878 316 1292 361 Unilaterales.

199 441 250 485 S.
285 440 553 485 Graefferi
587 440 707 495 (Ten.
738 439 836 497 Syll.
868 452 965 495 pag.
997 437 1106 495 213>
1147 438 1242 494 pilis
1270 438 1442 481 deflexis
1470 438 1606 491 hirta,
1641 438 1832 481 caulibus

143 498 407 556 simplicibus
434 497 761 541 ascendentibus
791 510 1006 540 racemose
1035 503 1075 539 et
1100 497 1410 539 unilateraliler
1436 496 1514 539 4-5
1541 496 1683 549 floris,
1722 497 1832 539 soliis

142 557 266 600 infer.
298 557 543 600 lanceolatis
571 556 704 599 acutis
731 556 956 607 consertis,
992 555 1169 598 caulinis
1202 555 1349 612 paucis
1379 555 1562 597 breviter
1590 561 1631 597 et
1657 562 1834 607 anguste

140 615 388 667 linearibus,
417 614 600 658 bracteis
626 616 914 672 pedunculurn
941 614 1111 656 brevem
1142 613 1472 671 superantibus,
1511 614 1652 670 calyce
1679 613 1832 669 pallido

139 673 479 732 adpressiuscule
507 674 618 716 hirto
646 672 1072 716 obconico-tubuloso
1099 672 1297 716 dentibus
1325 672 1458 715 ovatis
1476 671 1656 724 obtusis,
1686 671 1833 715 fructi-

137 732 227 776 fero
255 733 439 786 clavato,
473 732 633 776 lamina
664 732 757 775 alba
786 732 934 775 subtus
969 730 1121 774 virenti
1158 734 1338 774 cuneata
1366 730 1626 783 semibifidzi,
1662 743 1832 774 coronae

137 791 301 834 laciniis
329 791 560 844 truncatis,
600 791 770 847 capsula
798 793 917 833 ovata
945 789 1212 847 carpophoro
1250 789 1555 841 subbreviore,
1597 787 1832 831 seminibus

138 849 322 893 tenuiter
349 850 560 906 rugulosis
587 849 693 892 facie
722 848 918 892 concavis
945 849 1072 891 dorso
1100 848 1391 891 canaliculatis
1429 856 1489 897 26.
1527 848 1568 890 Ic
1614 847 1737 890 Guss.
1769 849 1825 904 pl.

138 921 223 951 rar.
254 908 338 952 tab.
370 906 443 951 34.
474 908 519 952 S.
550 907 709 952 Raeseri
736 907 869 951 Boiss.
901 914 941 950 et
968 907 1113 950 Heldr.
1145 907 1293 965 Diagn.
1326 907 1416 950 Ser.
1448 906 1502 959 ll,
1532 907 1564 959 Ι,
1593 920 1635 963 p.
1667 904 1737 948 77.

193 980 295 1018 Hab.
322 980 360 1017 in
383 980 540 1028 pascuis
564 980 735 1029 regionis
760 980 901 1028 alpinae
925 978 1083 1028 Olympi
1108 978 1290 1017 Thessali
1314 976 1508 1031 (Heldr!).
1534 977 1593 1015 Fl.
1622 980 1709 1015 aest.

195 1048 451 1087 characteres
477 1049 616 1097 quibus
642 1048 743 1087 hanc
765 1049 938 1097 plantam
962 1048 1010 1086 ab
1037 1048 1175 1086 Italica
1199 1047 1471 1096 distinxeram,
1505 1046 1545 1084 id
1568 1048 1627 1084 est
1647 1044 1741 1083 folia
1764 1056 1826 1082 an-

134 1108 309 1157 gustiora
335 1103 491 1161 (1752
514 1109 638 1146 lineas
663 1105 755 1160 lata)
782 1112 818 1145 et
844 1109 1001 1156 calyces
1019 1108 1235 1156 breviores,
1254 1107 1468 1156 specimina
1486 1105 1647 1144 ulterius
1665 1107 1830 1153 accepta

134 1168 303 1207 caducos
327 1179 415 1206 esse
441 1168 817 1206 demonstraverunt.

192 1231 268 1272 Ar.
301 1239 465 1284 Geogr.
502 1235 656 1273 Montes
681 1235 803 1273 Italiae
829 1234 1028 1272 centralis.

724 1390 744 1447 ᾗ
771 1388 841 1433 19.
878 1390 1255 1434 Paniculatae.

425 1517 447 1538 ÷÷
481 1518 619 1556 Flores
645 1519 811 1567 virginei
837 1519 969 1557 erecti.
997 1518 1155 1566 Ungues
1181 1517 1323 1565 saepius
1352 1516 1527 1554 ciliatuli.

187 1637 237 1681 S.
257 1637 462 1681 Italica
488 1637 548 1693 (L.
572 1637 640 1693 Sp.
669 1636 754 1681 593
777 1637 856 1680 sub
877 1636 1110 1693 Cuczcbalo)
1139 1636 1306 1678 inferne
1324 1636 1567 1678 tomentella
1584 1648 1814 1678 canescens

129 1709 312 1752 superne
339 1695 512 1749 viscida,
543 1697 649 1739 collo
679 1697 864 1739 ramulos
892 1696 1040 1739 breves
1068 1695 1233 1737 steriles
1270 1696 1499 1751 caulesque
1536 1700 1699 1736 erectos
1727 1694 1814 1736 laxe

127 1761 169 1797 et
202 1754 387 1797 breviter
421 1755 684 1811 paniculatos
721 1754 886 1808 edenti,
931 1754 1039 1797 soliis
1076 1754 1203 1797 infer.
1238 1753 1433 1809 oblongis
1460 1753 1522 1795 vel
1550 1752 1813 1809 spathulato-

125 1813 369 1856 lanceolatis
396 1812 439 1855 in
466 1814 669 1870 petiolum
697 1813 942 1867 attenuatis,
970 1813 1190 1856 floralibus
1215 1812 1467 1865 linearibus,
1496 1812 1638 1869 calyce
1665 1811 1814 1867 pubes-

124 1871 523 1928 centi-glanduloso
550 1874 676 1929 longe
703 1871 1113 1930 conico—cylindrico
1141 1871 1339 1914 dentibus
1366 1870 1813 1926 oblongo-lanceolatis

124 1930 311 1982 obtusis,
354 1930 574 1974 fructifero
610 1933 793 1985 clavato,
836 1931 994 1974 lamina
1030 1931 1123 1974 alba
1157 1931 1209 1973 ad
1241 1931 1304 1973 vel
1333 1930 1443 1973 infra
1468 1929 1657 1971 medium
1685 1928 1816 1972 bifida

120 1988 284 2033 laciniis
312 1989 780 2047 oblongo-spathulatis,
810 1993 967 2033 corona
994 1991 1108 2032 nulla
1135 1989 1197 2032 vel
1225 1990 1275 2032 ad
1305 1988 1329 2031 2
1356 1989 1482 2032 callos
1507 1988 1699 2040 reducta,
1719 2001 1815 2044 cap-

127 2049 220 2090 sula
246 2052 364 2091 ovata
393 2049 707 2106 carpophorum
731 2049 917 2106 aequanti
945 2050 1004 2092 vel
1041 2047 1328 2101 subbreviori,
1364 2046 1599 2091 seminibus
1636 2060 1814 2101 rugoso-

123 2106 399 2150 tuberculatis
426 2107 552 2151 dorso
580 2107 869 2151 canaliculatis
905 2116 942 2157 26
959 2143 966 2150 .
998 2108 1053 2151 Ic.
1086 2107 1145 2150 Fl.
1175 2106 1308 2150 Graec,
1340 2107 1425 2150 tab.
1446 2105 1548 2149 429.
1581 2105 1714 2148 Rchb.
1736 2105 1808 2161 fig.

122 2164 252 2208 5110.
285 2165 331 2209 S.
361 2168 591 2209 nemoralis
618 2166 783 2210 Griseb.
815 2166 956 2224 Spicil.
987 2181 1027 2224 p.
1059 2165 1143 2209 172
1171 2172 1211 2208 ct
1238 2166 1336 2208 Led.
1369 2165 1428 2207 Fl.
1460 2165 1579 2208 Ross.

181 2237 281 2276 Hab.
305 2237 343 2275 in
369 2238 534 2277 collibus
556 2239 636 2276 fere
660 2239 780 2277 totius
798 2239 969 2284 ditionis,
989 2238 1141 2277 Graecia
1157 2238 1182 2285 !,
1203 2237 1432 2276 Macedonia
1446 2236 1473 2283 !,
1505 2236 1690 2274 Anatolia
1710 2236 1810 2274 occi-

123 2297 269 2334 dentali
294 2302 330 2335 et
354 2300 555 2347 australil,
581 2299 732 2337 Libano
758 2299 817 2348 (131
833 2291 891 2348 ἔ),
918 2311 1030 2347 prov.
1054 2297 1324 2347 Caucasicisl,
1352 2297 1488 2335 Persia
1514 2298 1598 2335 bor.
1625 2296 1674 2334 ad
1700 2295 1811 2333 Aste-

121 2357 242 2394 rabad
267 2356 479 2408 (Bungel).
508 2358 567 2395 Fl.
591 2358 724 2396 Junio.

181 2425 318 2464 Variat
341 2426 445 2464 foliis
470 2427 591 2464 radic.
618 2427 1005 2475 ovato-orbiculatis,
1040 2427 1223 2475 panicula
1246 2427 1333 2475 plus
1357 2426 1482 2463 minus
1508 2423 1728 2463 multiflora.
1756 2444 1811 2452 —

59 2519 61 2521 .
119 2484 158 2523 S.
177 2487 387 2524 nemoralis
408 2484 472 2525 W.
498 2486 548 2524 K.
573 2487 703 2535 Hung.
730 2488 809 2525 tab.
833 2484 922 2526 249
947 2487 1075 2525 differt
1100 2490 1246 2524 tantum
1271 2485 1458 2535 panicula
1478 2484 1695 2533 angustiori
1722 2494 1808 2521 con-

121 2543 306 2583 fertiflora
330 2550 368 2583 et
391 2550 450 2584 est
474 2546 640 2594 probab.
670 2550 821 2585 tantum
846 2547 1029 2584 varietas.

177 2609 252 2649 Ar.
286 2610 448 2661 Geogr.
482 2612 642 2661 Europa
664 2613 859 2661 australis,
885 2612 1020 2651 Africa
1044 2612 1225 2651 borealis.

175 2768 226 2812 S.
247 2768 570 2824 splendens
599 2767 752 2824 (Boiss.
775 2767 819 2809 in
846 2765 931 2808 Bal.
953 2766 1009 2823 pl.
1033 2779 1118 2808 exs.
1148 2762 1281 2820 1847)
1311 2763 1477 2806 inferne
1494 2762 1680 2805 breviter
1697 2762 1809 2805 hirta

59 2872 62 2874 ,
118 2840 300 2882 superne
328 2826 554 2879 viscidula,
589 2827 709 2869 caule
737 2827 845 2868 elato
873 2824 915 2867 in
943 2823 1184 2881 paniculam
1213 2824 1382 2878 longam
1411 2821 1586 2864 effusam
1616 2821 1807 2870 abeunti,

118 2884 229 2928 soliis
255 2884 387 2928 ovalis
406 2885 540 2928 acutis
558 2885 743 2928 breviter
761 2882 989 2942 petiolatis‚
1017 2882 1236 2925 floralibus
1255 2880 1504 2933 linearibus,
1535 2880 1674 2937 calyce
1692 2879 1809 2922 visci-

118 2943 218 2987 dulo
234 2945 359 3000 longe
377 2943 780 3000 conico-cylindrico
799 2942 997 2985 dentibus
1021 2939 1374 2992 ovato-rotundiS,
1393 2938 1611 2982 fructifero
1629 2939 1806 2991 clavato,
