2021 3235
999 60 1083 104 818

203 155 334 196 acutis
362 152 449 196 basi
480 153 565 194 sero
593 151 738 193 liboris
766 151 929 193 laciniis
955 151 1106 208 calycis
1135 153 1376 195 lanceolatis
1405 153 1781 208 subbrevioribus,
1817 170 1886 199 co-

202 212 305 254 rolla
333 215 452 254 rosea
479 211 664 268 calycem
694 223 843 266 parum
872 209 1089 265 superanti
1127 217 1187 258 26.

262 275 362 320 Hab,
386 275 422 311 in
448 273 588 311 Cilicia.
611 273 659 309 ad
682 284 823 320 pagum
848 271 1133 320 Gulekboghas
1159 264 1312 323 (Ball).
1339 272 1397 310 Fl.
1422 273 1624 323 Jul.-Aug.

260 333 395 371 Affinis
419 333 466 371 K.
501 331 676 379 vitisolioe
711 343 780 379 pro
817 331 893 379 qua
920 342 1002 368 eam
1028 331 1194 379 primum
1221 331 1352 369 habui.
1394 332 1486 370 Haec
1518 333 1647 372 differt
1673 334 1773 372 foliis
1795 347 1889 383 pro—

199 393 315 430 funde
341 392 627 440 quinquelobis‚
657 390 810 438 stipulis
836 390 975 435 ovatis,
1007 391 1219 428 bracteolis
1243 391 1667 438 oblongo-lanceolatis
1689 393 1774 431 basi
1802 406 1886 432 coa—

200 453 277 489 litis
302 452 474 499 calyc‹·m
492 451 611 488 multo
635 449 922 496 superantibus.
949 449 1115 486 Fructus
1140 455 1284 498 nostrae
1309 450 1457 498 speciei
1480 452 1664 499 carpellis
1687 453 1787 490 albis
1810 453 1885 490 hir-

199 512 294 548 sutis
321 511 356 547 in
381 511 587 558 capitulum
613 509 816 557 globosum
843 508 962 545 dense
987 509 1186 554 congestis
1212 513 1381 547 constat.

761 653 928 700 MALVA
964 653 1026 710 (L.
1063 653 1160 701 Gen.
1192 653 1309 714 641).

255 768 481 811 Bracteolae
510 767 588 809 sub
616 767 755 823 calyce
783 772 867 808 tres¹
896 765 1035 807 rarius
1062 765 1144 807 duo
1172 764 1396 808 distinctae.
1427 765 1550 822 Calyx
1576 764 1602 806 5
1630 765 1753 808 fidus.
1785 765 1885 823 Styli

196 826 301 870 rami
329 826 548 869 filiformes
574 825 687 867 intus
714 822 1081 880 longitudinaliter
1107 822 1358 879 stiginatosi.
1389 822 1576 879 Carpella
1604 824 1718 866 circa
1746 831 1884 867 torum

193 886 363 927 brevem
406 886 466 927 vel
508 884 702 927 conicum
739 882 988 925 verticillata
1015 881 1340 924 indehiscenlia.
1370 907 1428 914 —
1464 881 1616 924 Herbae
1644 896 1796 926 annuae
1825 884 1884 926 vel

193 957 421 1001 perennes,
464 942 642 986 ssorib'us
687 941 747 996 <in
775 940 948 998 nostris)
988 939 1137 983 roseis.
1183 939 1411 983 Character
1436 940 1730 984 differentialis
1757 941 1885 997 hujus

193 1002 363 1058 generis
391 1009 431 1044 et
457 1002 642 1044 duorum
671 999 941 1056 sequentium
970 1012 1087 1041 mere
1115 998 1348 1042 artificialis
1376 1007 1452 1042 est.

695 1127 717 1148 ÷÷
751 1127 963 1165 Pedunculi
990 1126 1177 1164 axillares
1200 1125 1379 1163 solitarii.

250 1244 318 1286 Μ.
347 1243 574 1286 Cretica
599 1239 710 1296 (flav.
742 1238 848 1282 Diss.
880 1239 928 1292 V,
959 1239 1044 1282 [ab.
1077 1237 1177 1292 138,
1207 1237 1279 1294 fig.
1299 1236 1343 1293 2)
1371 1237 1468 1295 pilis
1487 1237 1757 1280 etuberculis
1780 1239 1884 1282 ortis

193 1301 340 1357 rigidis
376 1299 529 1357 patulis
565 1299 699 1351 hirta,
736 1299 854 1340 caule
891 1305 1059 1350 erecto,
1099 1297 1209 1340 soliis
1241 1296 1400 1339 infimis
1428 1296 1673 1339 orbiculatis
1701 1296 1883 1340 crenatis

191 1359 484 1417 superioribus
518 1357 595 1401 3-5
623 1356 786 1414 partitis
814 1356 976 1399 laciniis
1004 1354 1458 1412 oblongo-lanceolatis
1485 1355 1690 1407 dentatis,
1719 1356 1883 1412 pedun-

191 1418 294 1461 culis
322 1417 419 1460 folio
437 1416 718 1472 longioribus,
739 1415 964 1458 bracteolis
981 1414 1114 1458 ternis
1133 1420 1311 1470 anguste
1328 1413 1564 1456 linearibus
1582 1414 1719 1471 calyce
1738 1414 1890 1457 triente

190 1476 480 1529 brevioribus,
515 1475 668 1532 calycis
703 1474 867 1517 laciniis
894 1472 1409 1517 lanceolam-acuminatis
1436 1472 1609 1515 demum
1636 1473 1791 1530 patulis
1818 1487 1889 1516 co-

190 1536 295 1579 rolla
322 1535 385 1577 vix
412 1533 679 1576 brevioribus
711 1538 776 1584 Q).
807 1532 864 1575 Μ.
895 1533 1139 1576 althoeoides
1172 1531 1232 1574 Fl.
1269 1531 1403 1574 Graec.
1434 1531 1514 1584 Vl,
1556 1530 1641 1574 tab.
1687 1530 1772 1574 664
1804 1546 1888 1575 non

191 1594 340 1637 Cavan.

251 1657 350 1694 Hab.
379 1657 415 1693 in
440 1656 607 1694 collibus
631 1655 833 1694 maritimis
857 1653 984 1692 Oretae
1007 1651 1172 1701 (Heldrl
1208 1653 1307 1690 Raul
1323 1650 1349 1704 ἒ)
1371 1682 1379 1701 ,
1403 1652 1605 1700 Argolidis
1631 1651 1758 1702 (herb.
1784 1653 1889 1691 Fau-

194 1715 264 1754 che
282 1713 329 1769 l),
354 1715 492 1752 Atticae
515 1713 687 1764 (Spruni
719 1713 827 1762 Orpl]
847 1715 884 1761 ἓ).
911 1713 970 1752 Fi.
994 1725 1097 1752 vere.

253 1776 302 1813 M.
329 1775 550 1814 allhoeoides
574 1774 669 1812 Cav.
699 1775 752 1812 Ic.
779 1775 857 1812 tab.
886 1772 1007 1826 155,
1030 1771 1229 1820 Hispaniae
1265 1772 1449 1809 australis
1477 1771 1606 1809 incola
1642 1782 1727 1809 cum
1753 1773 1887 1810 nostra.

194 1836 325 1884 specie
349 1846 451 1883 saepe
476 1834 636 1873 confusa
661 1834 811 1872 corolla
836 1834 971 1881 calyce
997 1830 1311 1881 sesquilongiore
1336 1831 1467 1868 statim
1493 1831 1756 1878 distinguitur.

252 1892 325 1931 Ar.
360 1892 524 1942 Geogr.
558 1894 673 1931 Italia
695 1894 893 1937 australis,
919 1893 1112 1940 Sardinia,
1138 1890 1284 1928 Sicilia.

250 2033 319 2074 M.
346 2032 623 2087 AEqyptia
651 2030 713 2086 (L.
745 2030 799 2087 Sp
846 2029 948 2086 981)
978 2029 1171 2072 caulibus
1198 2028 1555 2073 decumbentibus
1584 2027 1678 2084 pilis
1708 2028 1885 2072 ramosis

195 2089 407 2146 adpressis
444 2089 613 2141 Obsius,
650 2088 759 2132 foliis
792 2088 1040 2131 orbiculatis
1078 2087 1462 2145 bipalmatipartitis
1495 2086 1660 2129 laciniis
1687 2086 1886 2139 brevibus

194 2148 424 2190 linearibus
452 2147 620 2199 ciliatis,
649 2147 901 2203 pedunculis
928 2146 1000 2189 1-02.
1023 2146 1140 2189 floris
1159 2147 1257 2190 folio
1275 2145 1642 2202 sublongioribus,
1661 2145 1886 2189 bracteolis

194 2206 306 2247 binis
333 2205 588 2259 linearibus,
624 2206 778 2262 calycis
814 2204 980 2248 laciniis
1017 2205 1350 2260 triangularibus
1384 2204 1638 2247 acuminatis
1665 2203 1885 2247 involucro

195 2264 539 2364 sulblongioribus
566 2264 767 2307 corollam
796 2264 1001 2306 minutam
1021 2263 1373 2321 subaequantibus
1396 2269 1462 2314 Θ.
1493 2262 1645 2305 Cavan.
1668 2262 1773 2305 Diss.
1798 2263 1881 2306 tab.

196 2322 214 2365 1
258 2357 267 2375 ,
297 2322 367 2364 sicr.
400 2323 430 2364 l.

255 2355 354 2423 Hati’.
380 2386 416 2421 in
442 2385 561 2422 aridis
585 2385 739 2422 collium
765 2389 802 2421 et
826 2385 864 2420 in
891 2385 1107 2434 littoribuS,
1133 2385 1280 2423 Enbaea
1305 2385 1448 2433 (Sprun
1466 2382 1511 2433 l),
1539 2383 1669 2422 Attica
1690 2383 1728 2420 in
1755 2384 1883 2432 Lyca.-

196 2445 300 2481 betto
323 2447 361 2482 et
397 2445 444 2480 ad
480 2443 685 2481 Plialerum
728 2437 897 2493 (Heldrl
918 2444 955 2493 ),
989 2445 1026 2481 in
1054 2444 1210 2482 deserto
1237 2444 1361 2492 Syriae
1384 2444 1433 2480 ad
1459 2442 1582 2481 Gebel
1605 2442 1734 2480 Abiad
1758 2444 1819 2490 (Bl
1837 2441 1882 2494 l),

194 2503 340 2541 Arabia
366 2504 509 2550 petraea
520 2503 755 2541 palestinam
777 2514 914 2540 versus
937 2504 1066 2547 (Boiss
1081 2503 1121 2551 Ξ),
1149 2504 1334 2541 Armenia
1352 2503 1517 2540 Rossioa
1532 2501 1661 2552 (Szow
1676 2500 1714 2552 ἲ),
1735 2503 1878 2541 littori-

196 2563 267 2600 bus
307 2563 428 2600 occid.
472 2562 585 2599 maris
622 2562 752 2610 Caspii
787 2563 889 2599 inter
925 2563 1037 2600 Baku
1063 2566 1100 2600 et
1133 2562 1278 2600 Sallian
1321 2560 1516 2612 (O.A.M1)
1554 2567 1591 2599 et
1631 2562 1884 2600 „rientatibus

197 2619 327 2672 (Karel
346 2615 393 2674 l).
422 2621 482 2658 Fl.
512 2632 615 2658 vere.

254 2677 327 2717 Ar.
362 2678 522 2729 Geogr.
558 2680 759 2728 Hispania,
782 2679 917 2718 Africa
938 2681 1122 2720 borealis,

252 2801 319 2842 M.
348 2801 837 2845 Tournefortiana
865 2801 926 2853 (L.
959 2801 1027 2857 Sp.
1060 2800 1162 2859 971>
1192 2801 1288 2858 pilis
1315 2800 1881 2858 fasciculam-stellati<spar-

195 2856 274 2899 sim
291 2857 443 2911 obsita,
463 2859 580 2901 caule
599 2859 707 2901 elato
722 2903 728 2913 ,
744 2859 854 2902 foliis¹
873 2859 1148 2903 inferioribus
1167 2859 1412 2903 orbiculatis
1430 2860 1580 2903 lobatis
1597 2861 1660 2903 vel
1677 2859 1877 2912 crenatis,
