2021 3235
974 32 1058 76 806

172 127 458 183 ramuligeriS‚
488 127 621 184 cymis
647 126 887 183 paniculam
915 137 1126 167 ramosam
1155 122 1533 179 subcorymbosam
1560 122 1753 165 foliosam
1781 123 1861 165 for-

172 186 386 229 mantibus
404 221 413 238 ,
451 185 606 242 calycis
640 185 796 228 corolla
823 183 1000 226 dimidio
1028 181 1235 224 brevioris
1262 180 1428 224 laciniis
1455 181 1698 224 lanceolatis
1725 181 1860 231 acutis

173 245 349 299 integris
377 244 660 300 eglandulosis
695 248 753 290 26.
783 242 917 285 Rchb.
948 242 975 283 f.
1006 239 1135 283 5179.

231 316 335 354 Hab.
364 317 400 353 in
424 315 592 353 humidis
616 318 654 352 et
676 314 724 352 ad
750 314 877 351 fontes
903 313 1117 361 praesertim
1141 312 1180 348 in
1205 311 1413 355 montanis,
1433 309 1639 348 Graeciain
1665 311 1861 349 Parnasso

172 371 373 427 (Heldr!)‚
407 375 582 423 Byzantii
608 373 753 424 (Sibth.
780 370 1015 424 Wiedeml)‚
1041 371 1213 420 Phrygia
1238 370 1275 407 in
1309 373 1438 407 monte
1465 369 1686 417 Almadagh
1719 363 1861 420 (Ball),

171 434 210 471 in
246 433 421 473 Caucaso
460 435 507 471 ad
547 434 696 472 Karass
721 431 879 484 (Hohl),
907 431 1059 469 Libano
1084 435 1121 468 et
1147 429 1371 467 Antilibano
1399 421 1543 482 (Gailll
1572 426 1702 479 Ky!)‚
1734 432 1864 467 monte

175 492 279 531 Gara
303 494 567 532 Kurdistaniae
592 493 813 541 Assyriacae
840 483 981 539 (Kyl).

234 565 277 617 β.
309 563 725 620 atzayallidisblium.
771 562 943 612 Laxum,
983 557 1340 610 ramosissimum,
1384 558 1483 601 solia
1510 558 1768 602 abbreviata.
1806 558 1861 602 H.

176 622 576 679 anaqallidz'folium
600 620 724 664 Jaub.
758 626 797 662 et
823 619 891 676 Sp.
926 618 987 661 lll.
1017 618 1087 661 Or.
1118 617 1151 670 Ι,
1183 631 1223 673 p.
1254 615 1328 669 47,
1357 617 1443 659 tab.
1474 616 1544 660 24.

236 692 339 731 Hab.
369 692 406 729 in
428 691 578 729 Libano
604 690 797 737 (Labill.)‚
825 701 947 737 prope
971 688 1153 726 Sidonem
1179 685 1300 736 (Gaill
1318 683 1360 738 l).

236 783 275 823 y.
310 760 542 804 Corsicam.
589 760 735 803 Caules
763 758 904 816 pusilli
932 758 951 800 1
976 783 993 789 -
1012 757 1038 800 2
1070 757 1295 813 pollicares
1315 746 1540 813 'simplices
1577 756 1762 800 unissori.
1808 756 1863 799 H.

182 821 397 864 Corsicam
422 819 563 862 Steud.
597 818 719 861 Nom.
752 832 792 874 p.
824 816 923 861 787.
952 842 1010 847 —
1036 816 1089 858 H.
1114 815 1317 859 tenellum
1343 815 1522 858 Tausch.

240 893 338 931 Hab.
365 892 402 928 in
428 894 553 928 monte
581 890 649 926 [da
671 888 797 927 Cretae
822 886 946 941 (Sieb.
973 889 1008 924 iu
1034 887 1142 925 herb.
1167 887 1323 925 Vindob
1342 884 1350 925 !
1372 887 1395 933 ).

240 959 387 996 Eadem
410 957 534 995 forma
558 956 726 994 occurrit
750 956 787 993 in
812 955 1006 992 montibus
1030 954 1229 1002 Hispaniae
1253 953 1451 1002 australis,
1476 952 1664 991 Corsicae.

239 1025 313 1064 Ar.
339 1025 499 1075 Geogr.
533 1025 692 1072 Europa
717 1024 764 1061 ad
789 1023 969 1060 Rossiam
995 1033 1132 1071 usque,
1159 1021 1294 1059 Africa
1321 1021 1506 1059 borealis.

241 1197 304 1238 H.
333 1196 598 1250 crispum
626 1193 687 1246 (L.
721 1193 844 1235 Mant.
877 1206 915 1248 p.
948 1191 1050 1247 106)
1079 1192 1276 1245 glabrum
1303 1192 1599 1247 glaucesccns‚
1635 1191 1754 1234 caule
1782 1191 1868 1234 fere

186 1269 207 1296 a
235 1253 322 1296 basi
352 1251 646 1310 pyramidatim
676 1258 715 1294 et
747 1250 1001 1294 decussatim
1037 1250 1328 1295 ramosissimo
1367 1249 1497 1293 ramis
1535 1249 1680 1305 rigidis
1716 1249 1871 1292 divari-

182 1312 311 1365 catis,
355 1311 463 1354 foliis
490 1310 695 1367 pellucide
738 1317 779 1352 et
818 1308 940 1365 nigro
960 1309 1210 1366 -punctatis
1246 1323 1267 1352 a
1294 1308 1384 1351 basi
1413 1309 1586 1351 cordata
1627 1308 1871 1352 lanceolatis

182 1371 315 1413 aculis
343 1369 533 1425 margine
563 1368 774 1411 undul'atis
804 1369 1066 1411 ramulorum
1095 1368 1251 1416 sensim
1280 1367 1518 1416 diminutis,
1547 1366 1678 1424 cymis
1706 1367 1755 1409 ad
1784 1381 1871 1410 om-

183 1443 258 1472 nes
285 1429 473 1471 ramulos
499 1427 794 1470 terminalibus
820 1425 899 1469 3-,5
925 1428 985 1469 vel
1015 1426 1229 1480 unissoris,
1259 1426 1411 1483 sepalis
1438 1425 1568 1468 ovatis
1596 1427 1656 1468 vel
1677 1425 1870 1481 oblongis

183 1487 344 1530 obtusis
372 1488 433 1529 vel
461 1486 592 1529 acutis
620 1485 795 1541 integris
824 1487 884 1528 vel
918 1485 1104 1528 breviter
1136 1484 1404 1529 denticulatis
1437 1498 1657 1542 nunquam
1693 1485 1871 1540 glandu-

183 1545 556 1600 loso-marginalis,
590 1544 734 1601 petalis
761 1543 1128 1600 lineari-oblongis
1156 1546 1297 1602 calyce
1326 1543 1564 1601 quadruplo
1584 1543 1869 1599 longioribus,

183 1604 417 1648 seminibus
444 1603 653 1661 punctatis
691 1610 751 1652 26.
797 1602 856 1645 Fl.
887 1603 1019 1646 Graec.
1052 1603 1135 1645 tab.
1168 1602 1267 1646 776.
1306 1602 1440 1646 Rchb.
1473 1602 1544 1659 fig.
1575 1601 1704 1645 5181.
1745 1602 1866 1645 Bocc.

182 1663 308 1706 Muss.
341 1662 423 1705 tab.
456 1662 525 1705 12.

242 1735 340 1772 Hab.
366 1734 402 1771 in
429 1734 569 1771 vinetis
602 1737 639 1771 et
662 1730 768 1781 agris
803 1733 1001 1771 derelictis
1038 1734 1177 1772 Atticae
1203 1726 1406 1785 (Sprunl),
1438 1733 1699 1782 Peloponnesi
1732 1732 1872 1782 (Herb-

182 1790 397 1846 Fauchel),
439 1793 562 1831 Cretae
597 1785 772 1841 (Sicbl),
808 1792 1046 1831 Macedoniae
1081 1797 1200 1832 austr.
1231 1792 1457 1845 (Griseb.)‚
1483 1793 1664 1842 Byzantii
1698 1790 1866 1842 (Gastl),

185 1853 321 1901 Lydiae
344 1846 494 1902 (Boissl
520 1851 641 1902 Ball),
670 1851 794 1900 Syriae
810 1852 858 1888 ad
877 1852 1110 1891 Damascum
1130 1851 1300 1905 (Gamo,
1326 1853 1545 1891 Palaestinae
1567 1852 1686 1903 (Roth
1705 1852 1749 1902 l),
1769 1852 1868 1890 Kur-

183 1913 360 1950 distaniae
378 1913 597 1960 Assyriacae
614 1911 692 1961 (Ky
718 1923 798 1949 exs.
826 1909 966 1961 5091).
998 1912 1191 1950 Armeniae
1208 1913 1384 1951 Rossicae
1403 1908 1469 1966 (ex
1497 1911 1678 1963 Ledob.).
1705 1913 1764 1950 Fl.
1783 1917 1864 1951 aest.

242 1979 402 2028 Species
429 1979 550 2015 ovarii
573 1978 711 2016 loculis
735 1975 844 2018 8·10
870 1980 1034 2017 ovulatis
1061 1984 1098 2018 et
1123 1980 1257 2018 habitu
1283 1980 1332 2017 ad
1358 1979 1404 2017 H.
1439 1980 1620 2019 scabram
1662 1980 1869 2019 accedens.

242 2035 317 2075 Ar.
350 2036 510 2087 Geogr.
546 2037 690 2084 Sicilia,
716 2037 806 2076 hinc
830 2038 920 2075 inde
946 2039 981 2076 in
1007 2039 1167 2087 Europa
1191 2037 1652 2078 australi-introductum.

242 2214 305 2256 H.
336 2217 655 2258 venustum
683 2215 828 2270 (Fenzl
857 2215 959 2271 Pug.
991 2225 1038 2259 n⁰
1059 2216 1130 2274 19)
1158 2218 1354 2272 glabrum
1384 2217 1644 2270 multicaule‚
1676 2218 1869 2262 caulibus

182 2271 334 2328 erectis
375 2271 718 2327 subsimplicibus
760 2288 943 2329 superne
985 2275 1299 2332 subtetragonis
1323 2313 1332 2329 ,
1383 2276 1493 2320 soliis
1534 2276 1665 2320 ovatis
1707 2277 1869 2321 obtusis

182 2330 299 2372 valde
327 2329 536 2385 pellucido
553 2356 570 2361 -
592 2333 800 2387 punctalis
827 2333 1092 2377 intermediis
1119 2342 1155 2377 cl
1185 2335 1480 2392 superioribus
1507 2336 1679 2378 cordato
1699 2361 1716 2368 ·
1736 2336 1864 2379 semi-

182 2388 578 2452 amplexicaulibus‚
623 2390 756 2447 cymis
797 2393 1018 2436 coarctatis
1060 2393 1102 2435 in
1144 2394 1385 2450 paniculam
1427 2394 1653 2450 oblongam
1696 2394 1866 2437 brevem

181 2445 398 2497 confertis,
428 2446 607 2490 bracteis
635 2449 1152 2507 glan'duloso-marginatis
1170 2489 1179 2505 ‚
1209 2453 1360 2510 calycis
1387 2452 1551 2495 laciniis
1578 2453 1867 2510 oblongo-lan-

180 2504 351 2547 ceolatis
379 2504 539 2547 obtusis
567 2507 627 2548 vel
656 2507 930 2552 acutiusculis
957 2510 1182 2554 denticulis
1210 2511 1371 2554 crebris
1398 2511 1726 2555 ascendentibus
1758 2519 1867 2555 atro-

180 2562 488 2618 glanduliferis‚
518 2564 665 2620 petalis
692 2565 983 2623 impunctatis,
1013 2569 1248 2613 seminibus
1274 2570 1526 2614 laeviusculis
1567 2578 1627 2620 26.

238 2632 340 2670 Hab.
366 2643 477 2670 secus
502 2634 647 2670 rivulos
673 2636 843 2684 regionis
869 2644 1061 2676 montanae
1086 2640 1298 2687 superioris
1325 2643 1362 2677 et
1387 2641 1546 2688 alpinae,
1575 2639 1764 2688 Olympus
1793 2640 1863 2678 Bi-

179 2691 320 2738 thynus
347 2689 472 2743 (Boiss
492 2690 526 2744 l),
559 2704 668 2731 mons
703 2695 936 2743 Jyldisdagh
971 2697 1163 2736 Anatoliae
1187 2700 1271 2737 bor.
1300 2698 1484 2751 (Wied!),
1515 2700 1707 2738 Armeniae
1743 2701 1863 2738 colles

178 2751 229 2788 ad
252 2750 418 2788 Baibout
442 2746 594 2805 (Bourg
611 2746 638 2806 l)
674 2758 712 2790 et
736 2766 845 2792 mons
882 2756 1124 2805 Bingoldagli
1151 2758 1229 2807 (Ky
1246 2758 1297 2809 l),
1323 2771 1430 2797 mons
1462 2759 1685 2798 Aslandach
1710 2758 1861 2809 Cappa-

180 2809 302 2849 dociae
326 2809 412 2860 (Bal
431 2809 471 2861 l),
498 2811 651 2851 Taurus
679 2812 860 2852 Cilicicus
889 2812 992 2865 (Ky!
1022 2816 1093 2854 Bal
1112 2813 1156 2868 l).
