2021 3235
895 0 909 15 1-
918 0 976 15 ‘fh'

400 110 721 167 SUBORD.
777 112 829 164 Ι.
892 109 1044 165 PLA
1053 111 1103 163 T
1109 111 1450 166 YLOBEAE.

712 233 810 278 SER.
847 234 896 276 A.
931 233 1143 277 Bivalves.

641 339 875 383 SUBSERIES
908 339 941 382 l.
976 340 1212 398 Latiseptae.

580 456 623 485 ο.
658 445 794 484 Valvae
816 457 894 483 non
921 446 1246 494 appendiculatae.

727 552 747 609 g
779 551 820 594 1.
857 551 1114 602 SILIQUOSAE.

733 661 756 684 ἃ
789 661 1110 701 Pleururrhizeae.

662 772 690 822 †
722 772 874 822 Siliqua
906 773 1170 813 indehiscens.

486 904 805 954 cnoluSPoRA
837 904 927 964 (Do.
963 904 1070 968 Syst.
1105 904 1159 963 ΙΙ,
1195 919 1234 967 p.
1267 904 1384 966 435).

148 1042 269 1100 Calyx
298 1050 464 1086 erectus
497 1042 586 1086 basi
624 1043 875 1086 bisaccatus.
923 1043 1064 1086 Pctala
1106 1043 1395 1099 unguiculata.
1425 1045 1614 1090 Stamina
1650 1047 1784 1090 libera

94 1102 307 1145 edentula.
351 1101 511 1159 Siliqua
548 1102 744 1157 elongata
777 1101 1045 1159 cylindrica
1037 1116 1079 1144 in
1106 1078 1294 1145 loriicnla
1323 1104 1487 1169 ruptilis
1514 1105 1633 1162 apice
1659 1107 1785 1161 longe

94 1166 275 1203 rostrata
301 1160 532 1204 biseiiatim
561 1161 865 1217 plurilocellata
892 1160 1051 1204 locellis
1078 1162 1392 1217 monospclmis
1418 1177 1514 1206 cum
1533 1164 1625 1208 aliis
1642 1165 1785 1208 vacuis

94 1218 326 1276 saepissimc
345 1219 667 1262 alternantibus.
700 1218 1172 1275 Stigmaindislinctum
1190 1211 1479 1264 subbilobum
1509 1221 1786 1280 Cotylcdoncs

95 1277 409 1321 accumbentes.
439 1305 497 1308 —
522 1278 676 1322 Hcrbae
703 1277 852 1321 habitu
878 1277 1094 1335 Raphani.

527 1471 530 1474 Α
596 1423 620 1446 “³⁶
653 1425 791 1463 Petala
815 1425 969 1474 integra
991 1437 1200 1475 purpurea.

169 1533 518 1578 ch.tene11a
551 1532 671 1590 (Pan.
710 1531 806 1574 ltin.
844 1531 918 1574 Ill.
954 1531 1060 1589 App
1093 1531 1178 1574 tab.
1218 1531 1251 1585 l,
1286 1532 1359 1588 fig
1395 1530 1422 1574 3
1455 1532 1534 1575 sub
1561 1532 1787 1589 Raphano)

99 1592 278 1649 sparsim
306 1591 574 1647 glandulosa,
616 1590 726 1656 foliis
754 1590 1031 1634 inferioribus
1058 1589 1322 1647 pinnatifidis
1349 1590 1514 1634 caeteris
1541 1591 1787 1635 lanceolatis

98 1650 297 1703 dentatis,
331 1649 511 1693 floribus
538 1663 616 1707 pal
619 1664 696 1703 vis
735 1648 900 1714 siliquis
927 1649 1113 1693 tenuiter
1126 1649 1386 1714 cylindricis
1412 1649 1455 1692 in
1483 1650 1685 1694 articulos
1712 1651 1789 1694 ob-

98 1722 223 1753 scure
250 1709 478 1752 contractis
505 1707 786 1752 breviusculis
813 1707 855 1750 in
885 1714 1071 1752 iostrum
1099 1707 1159 1751 eis
1185 1706 1312 1765 paulo
1338 1707 1509 1751 brevius
1533 1708 1790 1753 abeuntibus

103 1773 170 1820 Θ.
204 1766 250 1811 C.
284 1767 438 1811 tenella
465 1780 533 1811 Dc.
563 1766 671 1825 Syst.
702 1767 782 1810 loc.
812 1766 882 1810 cit.

157 1846 258 1887 Hab.
294 1846 332 1883 in
368 1845 480 1885 cultis
517 1849 555 1884 et
586 1845 782 1891 ruderatis
813 1844 1008 1883 Anatoliae
1048 1845 1274 1893 orientalis,
1301 1844 1459 1883 Galatia
1490 1844 1539 1883 ad
1583 1844 1791 1894 Beybazar

100 1905 242 1957 (Auch.
266 1916 347 1943 eXS.
372 1900 556 1956 41682),
581 1904 771 1949 Armenia
794 1903 965 1943 Turcica
988 1903 1161 1955 (Calv!),
1186 1904 1334 1943 Tauria
1359 1907 1397 1942 et
1422 1915 1534 1953 prov,
1562 1903 1790 1944 Caucasicae

100 1964 205 2016 (ΜΒ.
230 1964 381 2015 Hohl),
403 1964 540 2003 Persia
563 1964 738 2003 borealis
761 1963 929 2014 (Buhsel
954 1963 1089 2002 Szow!
1115 1964 1251 2013 Bunge
1266 1965 1275 2001 ἱ
1291 1966 1326 2012 ),
1349 1963 1615 2002 Turkestania
1637 1964 1687 2001 ad
1711 1964 1788 2003 Bu-

101 2024 220 2063 chara
242 2023 403 2075 (Lehml
419 2023 448 2073 )⁷
471 2023 681 2072 Affghania
706 2020 874 2077 (Griffl).
901 2023 1129 2062 Belutschia
1150 2022 1309 2073 (Stocks
1323 2020 1361 2075 1).
1384 2022 1445 2061 Fl.
1472 2034 1577 2061 vere.

158 2091 296 2130 Flores
321 2090 481 2139 magnit.
506 2089 692 2130 Arabidis
715 2102 854 2129 vernae.
880 2089 1030 2139 Siliqua
1052 2089 1196 2128 lineam
1220 2090 1410 2128 diametro
1435 2089 1527 2127 lata.

159 2155 231 2196 Ar.
264 2155 428 2207 Geogr.
458 2157 601 2196 Rossia
626 2156 827 2207 australis,
851 2155 1058 2205 Songaria.

176 2288 273 2334 Ch.
306 2287 550 2344 Syriaca
591 2286 744 2344 (Boiss.
774 2287 885 2330 Ann.
914 2284 981 2329 Sc.
1012 2285 1106 2329 Nat.
1137 2283 1279 2338 1842,
1316 2284 1492 2342 3384)
1523 2286 1792 2342 ghmdulosa,

103 2346 212 2392 foliis
239 2345 515 2390 inferioribus
542 2347 696 2411 lyiato-
698 2343 962 2411 pinnatifidis
990 2343 1285 2401 superioribus
1302 2298 1588 2397 (fonticulatis,
1617 2343 1794 2388 floribus

103 2419 199 2462 mao
196 2405 289 2459 nis,
332 2404 498 2462 siliquis
531 2403 686 2448 crassis
718 2402 962 2469 cylindricis
989 2416 1014 2445 3
1038 2404 1170 2445 latere
1197 2402 1534 2467 subcomprcssis
1561 2401 1626 2444 vix
1654 2409 1793 2446 s-tran

103 2463 257 2521 gulatis
282 2464 506 2520 ruguloso-
513 2462 787 2506 tuberculatis
814 2465 1051 2505 retrorsum
1078 2459 1300 2518 papilloso-
1303 2474 1465 2517 asperls
1491 2474 1535 2503 m
1562 2461 1713 2518 stylum
1733 2461 1794 2504 cis

105 2522 172 2566 vix
197 2522 438 2566 breviorem
465 2521 722 2565 abeuntibus
757 2526 825 2573 Θ.

163 2585 264 2624 Hah.
302 2585 342 2622 in
380 2584 495 2624 cultis
527 2584 725 2634 argillosis
755 2583 880 2633 Syriae
904 2582 954 2621 ad
978 2581 1133 2630 Aleppo
1159 2580 1304 2631 (Anah.
1328 2593 1409 2619 exs.
1437 2578 1550 2621 181!
1580 2579 1661 2629 Ky.
1699 2593 1785 2620 exe.

105 2642 222 2685 1845
246 2645 318 2683 sub
343 2643 385 2683 C.
417 2644 656 2695 compreszed!
685 2641 944 2692 Hausskn1)„
965 2642 1004 2679 in
1037 2640 1192 2680 deserto
1215 2640 1318 2678 inter
1341 2640 1467 2679 Hama
1490 2644 1528 2679 et
1553 2639 1780 2689 Palmyram

110 2702 239 2755 (ΒΗ),
266 2705 305 2742 in
342 2703 570 2743 Antilibano
610 2703 719 2742 circa
746 2701 924 2741 Zebdani
956 2699 1163 2751 (Boissl),
1188 2699 1238 2737 ad
1263 2698 1500 2738 Damascum
1523 2698 1721 2749 (Osann),
1745 2699 1795 2737 ad

111 2762 426 2812 Hierosolymam
451 2762 573 2815 (Roth
587 2762 629 2815 l).
655 2762 715 2801 Fl.
739 2772 845 2800 vere.
