2021 3235
906 175 989 220 897

156 267 201 322 β.
219 267 535 323 petiolulatum.
567 267 681 311 Folia
700 268 847 311 formae
874 267 1072 311 foliorum
1099 267 1368 324 superiorum
1402 268 1497 312 Ger.
1521 269 1786 325 Roberhani,

97 325 268 368 trisecta
307 326 536 381 segmentis
577 327 834 383 petiolutatis
861 327 1010 370 obtuse
1043 326 1406 383 pinnatipartitis;
1438 328 1703 373 intermediis
1737 330 1787 373 ad

99 389 243 484 ῐῑγριὲηι]
271 384 435 427 transit.
466 384 519 427 E.
550 385 835 429 obtusilobum
863 385 1001 428 Karel.
1024 384 1067 427 in
1095 384 1249 428 Ledeb.
1282 384 1340 427 Fl.
1365 385 1483 429 Ross.
1518 387 1549 440 Ι,
1579 402 1619 444 p.
1646 387 1730 430 477
1751 397 1791 431 et

121 456 261 542 leiiab.
287 505 324 542 in
349 517 459 553 prov.
486 505 660 554 Talysch
686 504 818 558 (Karel
836 504 844 544 !
864 505 898 555 ),
923 518 1033 553 prov.
1062 505 1305 554 Aderbidjan
1330 505 1472 555 (Auch.
1500 520 1582 545 exs.
1612 503 1788 557 4500!).

603 679 856 727 mousom
890 680 946 741 (ι.
984 680 1108 731 Mani.
1141 679 1289 741 1268).

164 826 308 868 Flores
345 827 575 882 regulares.
616 827 756 870 Petala
793 835 833 870 et
867 828 1008 884 sepala
1035 828 1230 885 aequalia.
1262 828 1479 872 Glandulae
1506 828 1532 871 5
1561 830 1708 886 petalis
1736 831 1795 873 al—

108 892 252 927 ternae.
293 883 481 928 Stamina
512 884 568 927 15
601 886 745 929 omnia
781 886 1042 929 antherifera
1069 886 1157 929 basi
1187 886 1229 929 in
1258 888 1464 930 annulum
1493 896 1674 931 connata
1699 888 1743 931 in
1770 888 1796 931 5

105 943 336 1000 phalanges
372 944 520 999 petalis
556 944 770 1001 oppositas
806 944 931 988 altius
969 945 1136 987 coalita.
1176 945 1365 1002 Capsulae
1402 946 1575 990 valvulae
1609 947 1797 991 indehis—

108 1009 274 1053 centes,
320 1001 460 1045 aristae
494 1003 607 1046 intus
642 1003 786 1060 pilosae
823 1017 847 1046 a
883 1003 971 1046 basi
1009 1003 1059 1046 ad
1097 1003 1260 1060 apicem
1290 1004 1461 1047 elastice
1489 1006 1706 1049 revolutae.
1742 1033 1799 1037 —

108 1060 261 1103 Herbae
298 1074 451 1104 annuae
487 1062 549 1104 vel
587 1075 798 1118 perennes
826 1061 930 1105 facie
958 1062 1141 1113 Erodt'z',·
1179 1063 1317 1119 petala
1354 1063 1395 1105 in
1429 1063 1586 1107 nostris
1621 1064 1800 1108 indivisa

110 1118 194 1162 cito
223 1118 417 1162 decidua.

110 1259 129 1316 ᾗ
161 1259 200 1301 l.
232 1260 544 1304 Plumosae.
574 1285 632 1291 —
662 1258 962 1316 Carpellorum
988 1266 1177 1302 rostrum
1212 1261 1387 1317 lorcyum
1413 1261 1532 1304 intus
1558 1262 1613 1304 ad
1639 1262 1800 1318 apicem

463 1332 595 1375 usque
627 1318 733 1375 pitis
768 1319 966 1361 tenuibus
990 1318 1155 1375 patulis
1178 1319 1443 1375 plumosum.

168 1452 236 1494 M.
265 1452 439 1495 nivea
470 1450 680 1507 (Decaisn.
722 1450 782 1493 Fl.
814 1450 968 1494 Sinaic.
1005 1465 1047 1508 p.
1079 1450 1126 1494 61
1169 1450 1246 1494 sub
1274 1451 1452 1509 Erodt'o)
1481 1451 1673 1495 caulibus
1700 1466 1800 1509 pro-

111 1509 411 1565 cumbentibus
452 1510 593 1566 patule
634 1509 730 1552 albo
748 1535 765 1540 -
784 1509 989 1566 hispidis,
1033 1509 1144 1552 soliis
1186 1516 1306 1553 ovato
1325 1535 1343 1542 —
1361 1510 1557 1567 oblongis
1598 1510 1799 1568 utrinque

111 1568 310 1625 adpresse
339 1576 373 1611 et
405 1568 533 1611 dense
560 1567 895 1626 niveo-argyreis
922 1568 1355 1625 denticulato-crispis
1373 1582 1559 1626 superne
1576 1569 1799 1626 depresso-

109 1626 294 1680 lineatis,
322 1626 574 1684 pedunculis
602 1626 801 1669 tenuibus
829 1626 1035 1682 elongatis
1062 1626 1312 1684 plurissoris,
1341 1627 1525 1671 bracteis
1552 1628 1685 1672 ovatis
1703 1643 1800 1672 acu-

110 1685 296 1738 minatis,
327 1685 480 1742 sepalis
506 1684 637 1728 ovatis
664 1685 781 1728 canis
808 1685 1076 1739 submuficis,
1106 1686 1336 1729 staminum
1364 1686 1571 1743 adelphiis
1589 1686 1680 1730 basi
1699 1687 1797 1730 bre-

109 1743 215 1786 viter
240 1744 454 1797 connatis,
493 1743 720 1786 filamentis
757 1751 875 1800 parte
904 1744 1055 1787 coalita
1081 1758 1207 1801 parce
1244 1744 1418 1798 ciliatis,
1453 1745 1602 1803 petalis
1631 1746 1798 1789 carneis

109 1802 299 1845 obovatis
339 1803 523 1859 calycem
564 1801 630 1844 vix
670 1802 996 1859 superantibus,
1038 1803 1212 1846 valvulis
1254 1803 1453 1859 adpresse
1482 1803 1649 1847 hirtulis
1676 1804 1794 1861 apice

109 1867 346 1904 transverse
373 1859 582 1917 biplicatis
619 1868 655 1909 26
671 1861 690 1903 ‘?

167 1924 267 1962 Hab.
303 1925 339 1961 in
370 1925 535 1961 desertis
560 1922 1004 1972 Arabico-AEgyptiacis
1028 1919 1241 1978 (Hussont
1265 1921 1296 1973 l,
1334 1923 1532 1963 Sinaiticis
1558 1924 1684 1974 (Bove'
1710 1937 1793 1963 exs.

110 1975 221 2023 154!
248 1979 439 2036 Boissl),
465 1982 514 2020 ad
539 1984 635 2020 fines
658 1982 865 2020 Palestinae
887 1994 1011 2031 prope
1042 1983 1089 2021 El
1125 1983 1282 2032 Arysch
1309 1980 1400 2038 (Ky
1427 1995 1509 2023 exe.
1537 1977 1696 2035 688!).
1735 1985 1793 2022 Fl.

107 2042 351 2090 Mart.-Apr.

164 2100 240 2140 Ar.
275 2106 431 2151 Geogr.
467 2100 604 2139 Africa
625 2100 799 2139 borealis
824 2101 985 2139 interior
1007 2101 1045 2138 in
1070 2101 1283 2140 ditionibus
1307 2101 1429 2141 Ssouf
1446 2106 1485 2141 et
1507 2103 1635 2142 Mzab.

164 2259 232 2302 M.
260 2257 721 2315 heliotropoides
759 2257 927 2314 (Cavan.
964 2257 1070 2300 Diss‚
1106 2257 1174 2311 IV,
1205 2272 1244 2314 p.
1276 2257 1388 2313 220,
1417 2259 1502 2302 tab.
1533 2257 1635 2312 113,
1663 2259 1735 2315 fig.
1767 2258 1793 2301 2

106 2316 184 2359 sub
215 2315 414 2374 Geranio)
433 2316 665 2360 rhizomate
680 2315 862 2372 lignoso,
892 2316 1083 2359 caulibus
1100 2316 1403 2374 pedicellisque
1421 2318 1562 2374 patule
1581 2325 1621 2360 et
1638 2318 1793 2361 tenuis-

106 2373 212 2418 sime
240 2375 441 2433 hispidis,
475 2375 586 2419 foliis
613 2374 876 2430 longiuscule
903 2375 1112 2432 petiolatis
1140 2376 1341 2432 adpresse
1367 2382 1406 2418 et
1432 2375 1618 2419 tenuiter
1643 2390 1791 2420 canes-

106 2433 298 2477 centibus
326 2434 456 2477 ovatis
483 2432 756 2477 acutiusculis
784 2433 976 2490 margine
1004 2433 1187 2490 crispule
1214 2434 1505 2488 denticulatis,
1540 2434 1791 2491 pedunculis

105 2492 241 2548 longis
267 2492 516 2549 plurissoris‚
544 2490 726 2534 bracteis
754 2492 1207 2548 oblongo-lanceolatis
1234 2492 1504 2547 acuminatis,
1534 2493 1688 2550 sepalis
1715 2494 1790 2537 ad-

105 2563 249 2606 presse
277 2551 392 2595 canis
419 2551 607 2594 obovatis
633 2549 951 2607 abruptiuscule
978 2550 1257 2604 mucronatis,
1285 2551 1436 2608 petalis
1444 2586 1532 2606 .....
1560 2551 1789 2595 staminum

106 2608 313 2666 adelphiis
344 2609 434 2652 basi
470 2609 657 2653 breviter
683 2608 892 2662 connatis,
921 2608 1294 2666 filamentisparte
1320 2609 1473 2653 coalita
1498 2610 1673 2664 ciliatis;
1704 2611 1790 2653 val-

105 2666 212 2768 }ulis
239 2667 361 2711 hirtis
388 2667 506 2725 apice
532 2675 773 2722 transverse
799 2666 870 2711 23
895 2666 1060 2725 plicatis
1097 2675 1134 2717 26
1151 2688 1171 2710 .>
1190 2668 1249 2710 M.
1274 2667 1447 2725 hispida
1474 2668 1606 2712 Boiss.
1638 2668 1786 2725 Diagn.

136 2738 196 2768 er.
229 2726 263 2779 1,
291 2726 400 2780 VIlI,
463 2761 471 2769 .
500 2725 601 2769 120.
988 2748 990 2750 r

165 2788 264 2826 Hah.
300 2789 349 2826 ad
375 2740 490 2838 rages
520 2789 731 2837 graniiicas
768 2787 891 2826 Gebel
926 2787 1058 2826 Gareb
1097 2791 1136 2826 et
1171 2787 1294 2826 Gebel
1321 2788 1428 2826 Dara
1461 2789 1605 2827 deserti
1630 2789 1790 2828 Arabici

105 2845 320 2885 Thebaidis
338 2847 457 2897 (Huss
472 2848 510 2896 t),
536 2849 574 2885 in
597 2848 734 2885 Persia
751 2847 911 2885 australi
936 2846 985 2884 ad
1003 2847 1157 2885 Bender
1174 2846 1331 2896 Abassy
1351 2847 1494 2896 (Auch.
1513 2859 1594 2887 eXS.
1614 2846 1788 2899 42971),

105 2904 163 2943 Fl.
189 2918 293 2944 vere.

1553 2972 1594 3007 57
