2021 3235
932 163 1009 209 737

131 253 269 312 calyce
309 253 463 311 saepius
504 254 786 311 longioribuS,
829 257 981 313 sepalis
1006 258 1199 315 oblongis
1226 261 1386 306 obtusis
1414 264 1684 310 interioribus
1711 270 1802 312 lon-

131 311 347 368 gioribus,
384 313 532 369 petalis
560 314 743 369 oblongo
760 339 775 344 -
792 314 979 358 obovatis
1012 310 1206 374 calycem'
1223 321 1503 376 aequantibus,
1533 327 1635 382 stylo
1662 329 1802 370 ovario

131 371 350 426 longiore,
388 371 622 415 seminibus
649 372 902 415 laeviusculis
933 380 997 425 Θ.
1037 375 1088 417 P.
1114 378 1403 421 succulentum
1429 381 1563 424 Webb
1593 384 1704 440 Phyt.
1736 385 1804 428 Ca-

132 442 224 471 nar.
257 429 289 482 l,
317 443 358 486 p.
390 429 490 473 155.
522 457 571 461 —
601 430 815 473 Arenaria
840 433 1081 476 succulenta
1106 433 1196 477 Ser.
1227 435 1270 477 in
1297 449 1363 479 Dc.
1396 438 1541 481 Prodr.
1576 441 1606 494 l,
1635 456 1675 497 p.
1701 442 1799 486 400.

131 512 189 518 —
213 487 364 530 Mollia
389 503 505 532 rosea
532 489 704 532 Hochst.
737 496 777 531 et
802 488 858 532 St.
896 489 939 532 in
967 490 1152 548 Schimp.
1182 494 1240 549 pl.
1271 508 1355 537 exs.

193 559 294 597 Hah.
318 560 356 596 in
389 561 566 599 arenosis
589 561 755 610 AEgypti
792 561 839 598 ad
866 561 1052 600 Kahiram
1077 564 1219 609 (Wiest
1252 578 1331 603 cxs.
1357 565 1401 606 6!
1434 573 1470 605 et
1500 567 1643 620 5461),
1670 572 1705 607 in
1734 584 1809 620 pa-

135 618 268 655 lustris
292 618 342 655 ad
366 618 572 657 Sakkarah
598 618 725 673 (Boiss
741 616 785 673 l),
812 621 849 657 in
875 622 977 658 valle
994 622 1180 661 Sinaitica
1203 623 1326 662 Ouadi
1352 616 1499 665 Arbain
1523 627 1661 679 (Bove'!
1689 631 1807 668 mixta

134 689 218 715 cum
245 677 490 728 Robbaired).
515 679 575 717 Fl.
602 690 707 717 vere.

192 736 363 775 Laciniis
388 739 534 787 calycis
558 739 621 775 vix
646 739 828 777 carinatis
851 740 1002 778 accedit
1027 741 1075 777 ad
1092 741 1394 793 Polycarpoeam,
1422 745 1490 783 sed
1514 745 1631 784 facies
1652 748 1805 785 omnino

134 797 350 846 Polycarpi.

808 944 1142 994 POLYCARPAEA

443 1022 568 1084 (Lam.
602 1025 742 1073 Journ.
775 1024 864 1073 Nat.
896 1025 1000 1074 flist.
1037 1027 1088 1082 ll,
1127 1042 1166 1090 p.
1205 1028 1247 1086 8,
1283 1029 1366 1076 tab.
1405 1029 1493 1087 25).

189 1149 311 1208 Calyx
337 1150 364 1193 5
391 1151 570 1209 partitus
597 1153 762 1197 laciniis
788 1154 1006 1211 subplanis
1036 1158 1226 1214 margine
1253 1158 1450 1202 scariosis
1477 1159 1623 1202 acutis.
1672 1160 1810 1204 Petala

136 1208 162 1251 5
187 1209 419 1273 lanceolata
445 1211 586 1268 calyce
614 1211 790 1255 dimidio
816 1213 1027 1257 breviora.
1071 1215 1259 1259 Stamina
1292 1215 1318 1259 5
1350 1217 1611 1260 staminodiis
1638 1218 1810 1261 totidem

135 1268 284 1325 petahs
311 1268 514 1325 oppositis
540 1269 754 1313 interdum
782 1279 920 1325 aucta,
950 1273 1064 1316 disco
1091 1274 1206 1317 brevi
1233 1275 1438 1332 perigyno
1466 1275 1636 1318 inserta.
1674 1277 1811 1333 Stylus

136 1325 252 1391 apice
289 1327 494 1384 capitatus
528 1329 591 1371 vel
625 1328 880 1386 tripartitus,
918 1332 1088 1387 capsula
1123 1333 1321 1375 trivalvis.
1367 1333 1532 1376 Semina
1565 1335 1810 1391 pyriformia

136 1384 407 1429 subincurva.
437 1412 496 1417 —
522 1386 674 1430 Herba}
708 1389 769 1431 vel
802 1388 1042 1434 suffrutices
1078 1390 1241 1448 stipulis
1276 1399 1315 1433 et
1352 1392 1532 1435 bracteis
1566 1393 1682 1435 valde
1720 1407 1808 1435 sca-

136 1443 275 1487 riosis.
320 1444 460 1487 Genus
492 1459 517 1488 a
542 1445 779 1503 Polycarpo
815 1446 959 1490 habitu
996 1448 1135 1505 potius
1171 1463 1296 1506 quam
1332 1450 1573 1493 charactere
1610 1450 1752 1493 leviori
1786 1465 1809 1493 a

137 1502 274 1560 calyce
301 1503 551 1561 deprompto
577 1503 839 1548 distinctum.

186 1660 244 1703 P.
262 1659 496 1716 fragilis
524 1659 632 1716 (Del.
654 1659 714 1703 Fl.
736 1660 810 1716 Eg.
841 1674 882 1717 p.
904 1659 1005 1710 241,
1036 1660 1118 1702 tab.
1142 1659 1214 1713 ⁶24,
1243 1661 1314 1716 fig.
1336 1661 1380 1717 1)
1409 1662 1606 1717 adpresse
1635 1670 1675 1704 et
1701 1663 1805 1706 cris-

130 1719 227 1774 pule
254 1719 518 1772 tomentella‚
560 1718 753 1762 caulibus
780 1717 1000 1761 herbaceis
1026 1719 1247 1775 prostratis
1275 1720 1513 1771 ramulosis,
1557 1720 1666 1763 loliis
1703 1720 1804 1775 rigi-

130 1776 239 1819 dulis
266 1776 468 1833 oppositis
493 1778 557 1820 vel
583 1777 822 1833 aggregatis
849 1776 1034 1819 breviter
1058 1777 1300 1820 lanceolatis
1327 1778 1596 1821 acutiusculis
1615 1778 1803 1833 margine

132 1835 354 1888 revolutiS‚
392 1835 524 1892 cymis
551 1835 792 1879 densissoris
818 1834 1113 1878 terminalibus
1141 1835 1405 1891 paniculatiS‚
1448 1836 1600 1893 calycis
1641 1836 1803 1879 laciniis

131 1893 383 1937 tomentellis
410 1894 542 1938 ovatis
568 1895 650 1937 late
676 1894 874 1937 scariosis
902 1907 1031 1936 nervo
1058 1900 1305 1936 excurrente
1333 1894 1613 1947 mucronafis,
1657 1893 1802 1950 petalis

131 1951 281 2005 acutis,
310 1953 413 2010 stylo
439 1952 570 1996 ovarii
598 1951 880 2008 longitudine,
910 1952 1103 2008 stigmate
1130 1951 1326 2008 capitato,
1355 1951 1587 1995 seminibus
1613 1950 1712 1995 8-10
1738 1953 1803 1993 lae-

130 2010 251 2054 vibus
277 2011 405 2054 dorso
437 2010 728 2054 canaliculatis
762 2021 819 2063 26.

188 2081 290 2120 Hab.
318 2082 356 2119 in
397 2083 562 2120 desertis
597 2081 764 2130 AEgypti
787 2082 902 2127 (Del.
931 2081 1055 2119 Auch.
1082 2091 1166 2117 exs.
1199 2076 1389 2132 28142),
1418 2080 1516 2118 inter
1540 2079 1728 2117 Kahiram
1755 2083 1792 2117 et

131 2139 230 2178 Suez
248 2141 378 2188 (Boiss
388 2141 428 2192 1),
455 2141 493 2179 in
517 2141 672 2179 deserto
696 2140 882 2178 Sinaitico
908 2138 1031 2190 (Bove
1049 2136 1090 2191 l).
1114 2138 1173 2176 Fl.
1199 2138 1295 2187 Apr.

190 2205 263 2245 Ar.
295 2211 450 2258 Geogr.
485 2208 656 2256 Algeriae
679 2206 875 2244 interioris
899 2206 1067 2244 deserta.

190 2352 247 2395 P.
269 2353 647 2409 Memphitica
674 2350 780 2408 (Del.
811 2350 891 2392 loc.
914 2348 983 2391 cit.
1015 2362 1056 2405 p.
1079 2346 1179 2400 243,
1208 2347 1292 2390 tab.
1315 2346 1386 2399 ⁹24,
1414 2346 1485 2401 fig.
1507 2345 1551 2402 Ξ)
1580 2347 1716 2401 patule
1735 2360 1802 2389 ve-

130 2409 288 2462 lutina,
330 2411 522 2454 caulibus
548 2408 769 2467 prostratis
796 2407 1016 2450 herbaceis
1045 2405 1239 2458 ramosis,
1282 2404 1391 2447 foliis
1418 2403 1617 2466 oppositis
1644 2405 1702 2445 vel
1730 2418 1802 2468 ag-

131 2468 316 2524 gregatis
351 2467 691 2524 ovato-oblongis
726 2464 1024 2509 obtusiusculis
1060 2464 1102 2508 in
1142 2463 1342 2520 petiolum
1384 2467 1630 2512 attenuans,
1673 2475 1803 2525 cymis

132 2526 427 2571 terminalibus
453 2526 713 2584 paucissoris,
757 2520 1100 2581 calycislaciniis
1128 2521 1246 2563 hirtis
1275 2520 1460 2562 lineari-
1478 2519 1802 2582 subspathulatis

132 2586 464 2629 concaviusculis
491 2584 669 2638 obtusis,
699 2581 846 2640 petalis
872 2578 1358 2636 oblongo-lanceolatis,
1396 2578 1499 2641 stylo
1537 2577 1801 2640 brevissmo,

134 2643 386 2688 staminibus
414 2643 618 2697 recurvis,
661 2640 894 2685 seminibus
931 2637 1287 2681 numerosissimis
1327 2642 1457 2677 ovans
1498 2643 1559 2688 Q).
1605 2634 1803 2676 Arversza

134 2702 409 2758 Memphitica
434 2702 561 2745 Fenzl
586 2702 631 2744 in
658 2700 776 2743 Endl.
807 2698 911 2741 Gen.

190 2773 290 2811 Hah.
322 2773 360 2810 in
384 2774 496 2812 cultis
522 2777 559 2811 et
583 2772 758 2809 arenosis
784 2768 959 2817 AEgypffl,
989 2777 1110 2814 prope
1134 2765 1319 2803 Kahiram
1354 2764 1391 2800 in
1415 2761 1550 2800 insulis
1580 2761 1658 2798 Nili
1691 2760 1801 2812 (Del!

136 2831 299 2886 Sieb!),
331 2832 369 2870 in
392 2833 557 2870 desertis
579 2829 781 2868 Kabirinis
805 2822 1016 2880 (Boisst),
1044 2825 1081 2861 in
1119 2823 1293 2873 AEgypto
1319 2821 1506 2869 superiori
1584 2820 1681 2857 tuch.
1720 2830 1802 2855 exs.

135 2887 252 2931 2805
265 2891 306 2969 12,
333 2892 437 2930 circa
460 2890 593 2929 Esneh
619 2886 831 2942 (Kralikt).
856 2886 914 2924 Fl.
941 2885 1036 2933 Apr.
1512 2947 1553 2981 47
