2021 3235
1035 161 1090 205 78

397 291 420 314 ³⁶
452 291 476 313 ’k
509 291 755 329 Pedunculus
791 290 961 339 capsulae
995 290 1251 341 aequilongus,
1279 291 1340 328 vel
1379 290 1533 338 longior
1558 288 1704 343 (rarius
1736 289 1785 327 ea
1814 288 1902 326 sub-

576 351 760 400 brevior).
780 350 920 389 Calcar
936 361 1088 388 sursum
1105 350 1294 389 directum
1314 350 1377 387 vel
1397 348 1638 388 horizontale
1658 361 1749 387 raro
1771 359 1905 387 ascen-

578 410 688 448 dens.

457 510 487 561 †
521 510 692 559 Capsula
717 509 869 558 glabra.

281 630 341 673 D.
368 626 676 672 consolida
703 627 766 683 (L.
806 626 874 683 Sp.
909 624 1012 683 748)
1053 625 1393 668 ramosissimum
1431 626 1703 682 glabresccns
1737 627 1800 670 vel
1837 626 1911 670 ad-

224 701 367 745 presse
394 686 676 744 puberulum,
707 684 887 728 racemis
915 684 1115 727 brevibus
1142 684 1400 738 divaricatis,
1422 685 1548 742 petali
1575 685 1673 729 lobo
1699 685 1911 729 terminali

227 746 377 789 lineari
426 752 569 788 retuso
611 744 857 786 lateralibus
903 743 1146 800 aequilongo
1193 749 1234 786 et
1274 744 1534 799 angustiori,
1572 748 1734 788 calcare
1776 745 1914 801 petalo

226 805 245 847 4
281 803 393 861 ¹s2-“2
421 805 487 860 plo
515 802 715 857 longiori,
735 803 906 859 capsula
934 802 1176 859 pedunculo
1204 803 1509 858 erecto-patulo
1536 803 1705 846 suffulta
1732 803 1915 857 oblonga

227 864 502 915 subincurva,
539 860 726 917 squamis
753 860 929 904 seminis
956 860 1156 904 brevibus
1183 860 1392 903 distinctis
1424 867 1488 913 Θ.
1518 862 1573 905 Ic.
1615 861 1747 905 Rchb.
1784 861 1914 904 4669.

286 934 387 970 Hab.
412 933 449 969 in
477 932 591 970 cultis
616 931 857 968 Macedoniae
881 934 920 967 et
943 930 1124 968 Thraciae
1147 930 1376 980 (Auch.exs.
1402 928 1479 971 69!
1515 930 1659 970 Griseb
1675 931 1699 977 l)
1724 931 1918 981 Bithyniae

232 992 445 1045 (Pestalozl
461 991 489 1041 ),
515 990 709 1028 Armeniae
732 990 912 1029 Tui-cicae
925 989 1039 1041 (Calv
1057 987 1098 1041 l),
1119 988 1277 1028 Tauriae
1295 988 1578 1040 (St-Supery!)‚
1597 990 1762 1030 Caucasi
1780 990 1917 1042 (ΜΒ.).

233 1052 290 1091 Fl.
313 1056 397 1089 aest.

288 1118 333 1173 β.
362 1114 681 1168 micranthum,
724 1114 852 1157 flores
902 1113 1116 1167 minores,
1166 1114 1331 1158 laciniae
1384 1114 1586 1158 foliorum
1635 1114 1892 1160 abbreviatae
1910 1149 1920 1167 ‚

233 1176 285 1219 D.
314 1174 614 1232 paniculatum
642 1172 747 1216 Host
772 1174 914 1216 Austr.
944 1172 998 1224 11,
1027 1186 1066 1229 p.
1098 1171 1167 1216 65.

291 1247 392 1284 Hab.
419 1247 458 1283 in
484 1245 659 1294 Phrygia
685 1246 734 1283 ad
765 1245 1005 1284 Laodiceam
1040 1244 1227 1295 (Boissl),
1264 1245 1312 1282 ad
1338 1243 1509 1284 Ouchak
1534 1243 1688 1296 (Bali),
1715 1245 1843 1295 Lycia
1872 1244 1922 1283 ad

234 1307 387 1345 Elmalu
411 1305 618 1356 (Bourgl).
648 1305 791 1342 Forma
816 1316 921 1354 saepe
949 1305 1110 1343 confusa
1135 1316 1220 1343 cum
1249 1303 1294 1343 D.
1322 1305 1537 1343 divaricato
1562 1304 1661 1343 Led.
1689 1317 1713 1342 a
1737 1317 1814 1354 quo
1838 1317 1924 1343 car·

234 1367 347 1415 pellis
374 1365 522 1413 glabris
545 1364 802 1412 dignoscitur.

293 1433 369 1473 Ar.
394 1432 556 1483 Geogr.
582 1434 743 1482 Europa
765 1433 937 1472 borealis
956 1436 995 1471 et
1017 1433 1163 1481 media,
1192 1432 1337 1473 Sibiria
1358 1434 1572 1475 Uralensis.

294 1574 354 1617 D.
393 1571 818 1616 tenuissimum
850 1569 999 1626 (Sibth.
1032 1570 1091 1614 Fl.
1122 1570 1257 1615 Graec.
1296 1570 1366 1625 VI,
1395 1584 1436 1627 p.
1467 1570 1510 1613 4.
1542 1569 1628 1613 tab.
1664 1568 1767 1625 505)
1794 1575 1923 1612 tenue

238 1631 577 1676 ramosissimum
605 1643 789 1687 superne
817 1629 910 1686 pilis
942 1629 1045 1672 rufis
1071 1630 1225 1686 patulis
1252 1629 1487 1683 hirtellum,
1517 1628 1699 1672 racemis
1725 1627 1925 1671 brevibus

238 1689 457 1743 flexuosis,
485 1688 613 1746 petali
638 1689 737 1732 lobo
768 1687 983 1731 terminali
1025 1687 1155 1732 bifido
1196 1688 1442 1731 lateralibus
1484 1687 1671 1731 breviori
1713 1693 1754 1730 et
1794 1686 1926 1729 multo

238 1748 494 1806 angustiori,
522 1748 685 1790 calcare
713 1748 851 1804 petalo
878 1748 1004 1804 paulo
1036 1747 1247 1802 longiore,
1281 1748 1450 1804 capsula
1479 1746 1729 1802 longissime
1760 1745 1926 1803 pedun-

239 1810 377 1852 culata
404 1806 763 1859 semiorbiculari,
793 1805 968 1849 seminis
995 1805 1183 1863 squamis
1209 1806 1348 1861 longis
1375 1804 1585 1848 distinctis
1616 1810 1682 1857 Θ.

312 1879 414 1916 Hab.
448 1878 484 1914 in
518 1876 671 1914 saxosis
711 1876 886 1924 Hymetti
911 1873 1050 1928 (Auch.
1077 1887 1160 1915 exs.
1197 1872 1274 1916 68!
1311 1875 1462 1924 Sprun!
1489 1875 1625 1912 Boiss!
1659 1874 1839 1920 Heldrl).
1865 1872 1926 1910 Fl.

241 1939 400 1976 ineunte
416 1939 564 1974 aestate.

300 2003 546 2050 Gracilitate,
572 2001 816 2050 indumento,
841 2001 992 2039 laciniis
1026 2000 1092 2039 fol.
1116 2001 1379 2048 abbreviatis,
1415 1999 1576 2038 floribus
1617 1999 1778 2038 dimidio
1805 1999 1926 2036 mino-

238 2065 359 2114 ribus,
383 2061 546 2112 capsula
570 2061 800 2100 abbreviata
823 2072 846 2098 a
867 2060 1106 2109 praecedenti
1130 2060 1369 2100 distinctum.

478 2205 503 2252 †
538 2203 563 2253 †
596 2202 769 2252 Capsula
792 2201 894 2240 hirta
914 2201 977 2240 vel
999 2203 1234 2240 tomentosa.

302 2338 362 2381 D.
398 2334 760 2391 olopetalum
786 2331 937 2389 <Boiss.
975 2333 1084 2374 Ann.
1115 2330 1181 2374 Sc.
1212 2330 1306 2374 Nat.
1348 2328 1478 2383 1841,
1518 2342 1559 2386 p.
1591 2327 1703 2385 364)
1730 2341 1857 2385 parce
1890 2333 1932 2371 et

243 2396 443 2453 adpresse
483 2393 761 2451 puberulum,
805 2390 987 2434 racemis
1029 2390 1338 2443 densiusculis,
1367 2389 1506 2446 petalo
1550 2401 1572 2431 e
1619 2386 1711 2430 basi
1751 2387 1931 2429 cuneata

244 2460 387 2498 exacte
414 2460 536 2497 ovato
563 2451 715 2495 obtuso
742 2450 861 2508 apice
888 2449 1076 2494 obsolete
1102 2448 1381 2502 denticulato,
1399 2448 1563 2490 calcare
1590 2446 1767 2490 incurvo
1793 2444 1931 2502 petalo

242 2511 444 2569 longiori,
472 2509 617 2554 ovario
635 2509 942 2563 albo-hirsuto,
971 2508 1220 2566 capsulam.
1258 2513 1325 2559 Θ.

301 2583 403 2621 Hab.
430 2582 467 2619 in
492 2581 628 2618 Persia
651 2580 738 2618 loco
758 2591 833 2618 non
855 2581 990 2617 notato
1012 2577 1156 2629 (Auch.
1182 2577 1222 2615 in
1246 2577 1355 2615 herb.
1374 2575 1473 2614 Mus.
1496 2575 1586 2613 Par.
1605 2571 1655 2626 l),
1681 2574 1721 2611 in
1744 2572 1934 2613 Armenia

243 2642 294 2680 ad
318 2642 443 2680 rivum
467 2639 682 2678 Tchorouk
706 2650 830 2689 prope
846 2637 1015 2676 Baibout
1037 2636 1199 2688 (Bourg.
1223 2648 1305 2674 exs.
1331 2636 1403 2675 sub
1433 2635 1480 2673 D.
1501 2633 1725 2682 consolida).

304 2707 462 2756 Pedale,
490 2706 640 2745 laciniae
667 2705 735 2744 fol.
773 2704 1122 2754 lineari—setaceae‚
1149 2702 1243 2741 folia
1279 2702 1430 2740 floralia
1452 2702 1626 2752 trisecta,
1652 2709 1832 2738 racemus
1855 2694 1934 2737 4-5

241 2768 441 2818 pollicaris
464 2763 599 2806 15-20
632 2765 772 2813 florus,
806 2763 1016 2813 pedunculi
1050 2762 1260 2812 pollicares
1293 2761 1415 2810 patuli
1438 2762 1509 2800 sub
1548 2760 1643 2799 flore
1681 2756 1931 2806 bibracteati,

243 2828 359 2866 flores
384 2825 549 2865 violacei
586 2823 867 2873 magnitudinis
906 2823 947 2861 D.
980 2821 1126 2872 Ajaois.
1154 2821 1315 2871 Species
1339 2833 1361 2858 a
1391 2820 1545 2859 caeteris
1582 2818 1770 2858 sectionis
1808 2815 1935 2855 forma

245 2886 365 2935 petali
388 2885 437 2923 ob
462 2885 576 2924 lobos
600 2884 785 2923 laterales
811 2883 1058 2922 indistinctos
1085 2881 1193 2920 ovati
1227 2892 1300 2919 nec
1324 2880 1456 2919 trilobi
1482 2878 1705 2930 discedens,
1727 2877 1760 2916 D
1801 2874 1935 2926 Ajacis

244 2950 282 2984 et
307 2947 514 2983 tomentoeo
537 2947 718 2983 caeterum
748 2941 889 2980 affinis.
913 2941 1080 2981 Fructus
1104 2941 1279 2990 ignotus.
