2021 3235
934 102 1015 147 387
1028 125 1040 137 ·

394 275 413 332 ξ
446 275 486 318 2.
523 275 1001 320 Pseuderucaria.
1022 303 1078 306 —
1098 276 1219 320 Folia
1246 279 1546 334 pinnatis-ecta.

186 416 255 458 M.
282 415 515 458 clavata
553 414 704 470 (Boiss.
737 422 777 457 et
818 415 939 457 Reut.
978 415 1124 471 Diagn.
1157 416 1246 459 Ser.
1278 418 1330 471 ΙΙ,
1370 419 1417 471 V,
1458 433 1496 475 p.
1538 419 1607 473 025)
1653 436 1811 475 annua,

130 473 248 515 caule
275 472 435 529 pun‘iilo
463 474 744 516 crassiusculo
772 472 958 516 flexuoso
986 488 1009 517 a
1036 474 1125 517 basi
1155 475 1397 519 dichotomo
1426 492 1611 531 ramoso,
1642 481 1752 523 soliis
1770 481 1811 523 in

129 539 344 586 segmenta
387 532 655 574 teretiuscula
693 531 871 574 linearia
911 532 1028 588 apice
1070 533 1236 589 integra
1264 537 1324 577 vel
1354 534 1430 578 0243
1457 536 1553 579 loba
1581 537 1812 594 bipinnati-

128 589 267 642 sectis,
297 589 445 646 petalis
472 591 611 647 calyce
639 590 767 646 duplo
785 589 1066 645 longioribus,
1097 592 1261 648 siliquis
1279 595 1430 637 erectis
1450 596 1811 654 plz‘tno-compres-

129 647 201 701 sis,
230 649 336 705 stylo
379 648 634 691 rostriformi
677 648 849 691 dilatato
876 656 997 692 ovato
1025 650 1136 692 intus
1179 652 1424 708 spongioso,
1470 654 1596 697 valvis
1624 655 1810 699 obsoleto

128 705 358 760 trinerviis,
388 706 622 749 seminibus
649 706 779 749 ovatis
806 708 1061 763 compressis
1089 708 1359 753 biserialibus
1389 717 1451 762 Θ.

186 778 285 816 Hab.
312 779 349 815 in
387 779 541 816 deserto
580 778 657 815 Tih
692 779 847 817 Arabiae
869 784 1012 826 petreae
1035 778 1228 834 (Boissl),
1256 782 1292 819 in
1318 784 1480 830 regione
1503 782 1660 822 Sinaica
1684 784 1809 822 Ouadi

126 834 215 875 Atal
241 837 425 888 (Schimp.
453 850 533 876 exs.
559 831 672 877 205!
700 839 770 875 sub
795 838 1018 887 Erucarz'd).

185 904 322 942 Facies
348 906 501 943 omnino
539 906 740 944 Erucarioe
777 907 837 943 vel
873 905 1123 944 Moricandz'oe
1159 908 1373 956 teretis'olz'oe
1406 923 1480 961 1³03
1511 910 1592 948 haec
1627 911 1754 948 differt
1792 924 1814 949 a

127 964 260 1002 nostra
297 965 414 1002 ramis
452 965 631 1003 tenuibus
667 965 854 1013 virgatis.
880 966 1039 1004 floribus
1065 966 1288 1013 minoribus,
1317 970 1467 1017 siliquis
1492 970 1683 1018 tenuibus,
1709 971 1811 1019 stylo

127 1024 308 1072 elongato
335 1028 373 1062 et
389 1025 566 1072 inprimis
592 1025 890 1072 cotyledonibus
914 1025 1224 1064 concaviusculis
1244 1028 1398 1075 quidem
1423 1030 1586 1067 sednon
1613 1031 1812 1077 condupli-

127 1084 221 1121 eatis
249 1085 325 1132 qua
346 1086 440 1122 nota
461 1085 509 1121 ad
536 1096 658 1133 genus
683 1085 975 1134 Ammosperma
1001 1085 1034 1123 J.
1065 1085 1111 1123 D.
1136 1086 1265 1124 Hook.
1299 1087 1400 1124 Gen.
1428 1089 1457 1137 1,
1486 1101 1521 1137 p.
1546 1086 1604 1128 82
1630 1090 1811 1138 probabi—

126 1143 213 1180 liter
237 1143 527 1181 adnumeranda
550 1149 621 1182 est.

185 1207 260 1248 Ar.
294 1207 455 1260 Geogr.
490 1210 651 1258 Algeria
673 1211 846 1249 interior.

530 1364 830 1412 DIPLOTAXIS
863 1365 949 1427 (ne.
989 1365 1095 1427 Syst.
1129 1366 1181 1423 11,
1221 1381 1258 1428 p.
1291 1367 1407 1428 220).

181 1504 300 1562 Calyx
327 1510 476 1562 patens
501 1502 691 1560 aequalis.
727 1502 866 1545 Petala
883 1502 1174 1558 unguiculata.
1194 1502 1356 1560 ‚Siliqua
1379 1504 1551 1547 linearis
1569 1505 1629 1547 vel
1649 1506 1812 1549 lanceo-

124 1563 397 1606 lato-linearis
424 1576 447 1605 a
473 1562 599 1605 dorso
627 1560 950 1617 subcoinpressa
979 1562 1107 1605 valvis
1135 1562 1329 1604 convexis
1357 1563 1607 1606 uninerviis.
1638 1563 1809 1608 Semina

124 1629 244 1665 ovata
271 1623 331 1665 vel
358 1622 540 1676 oblonga
566 1633 809 1676 compressa
836 1619 1051 1663 biseriata.
1083 1619 1359 1678 Cotyledones
1387 1622 1682 1665 incumbentes
1709 1637 1810 1666 con-

122 1680 343 1738 duplicatae
368 1706 424 1710 —
452 1679 604 1722 Herbae
646 1685 796 1721 erectae
842 1692 1020 1722 ramosae
1061 1679 1239 1722 floribus
1275 1679 1393 1724 ssavis
1434 1682 1495 1723 vel
1538 1680 1670 1724 roseis
1704 1682 1810 1725 facie

122 1739 342 1783 Brassicoe.

804 1873 826 1895 ÷÷
860 1874 997 1912 Flores
1026 1874 1135 1912 lutei.

177 2000 236 2043 D.
264 2000 572 2044 tenuifolia
599 1999 663 2055 (L.
694 1998 763 2056 Sp.
795 1998 877 2041 ⁹217
906 2000 984 2042 sub
1014 1998 1272 2055 Sesssymbrio)
1288 1998 1480 2041 caulibus
1510 2000 1689 2042 ramosis
1718 2001 1807 2044 basi

119 2056 343 2111 induratis,
372 2058 482 2101 soliis
510 2058 884 2101 sinuato-dentatis
912 2059 973 2101 vel
1002 2057 1209 2114 pinnatim
1236 2057 1330 2100 fidis
1358 2064 1431 2100 aut
1450 2058 1614 2113 partitis
1643 2059 1807 2103 laciniis

119 2114 351 2160 linearibus
378 2117 553 2161 remotis
580 2116 780 2169 dentatis,
808 2116 1025 2173 pedicellis
1052 2116 1156 2160 flore
1184 2116 1311 2173 duplo
1345 2116 1629 2171 longioribus,
1659 2118 1808 2174 petalis

119 2172 162 2216 in
187 2188 376 2231 unguem
403 2175 581 2232 abrupte
609 2175 854 2228 contractis,
884 2175 1036 2233 siliqua
1062 2174 1106 2217 in
1133 2175 1287 2232 stylum
1316 2174 1407 2231 ejus
1436 2175 1542 2217 latit.
1570 2175 1807 2231 longiorem

119 2236 334 2277 attenuata
370 2242 405 2283 26
423 2270 430 2277 .
462 2234 514 2276 D.
547 2235 774 2290 tenuisolz'a
798 2247 864 2277 Dc.
898 2233 1002 2292 Syst.
1035 2234 1088 2288 ΙΙ,
1118 2247 1159 2290 p.
1192 2232 1292 2276 632.
1324 2232 1457 2275 Rchb.
1488 2233 1516 2275 f.
1547 2232 1676 2277 4420.

175 2302 275 2341 Hab.
300 2303 339 2341 in
372 2303 489 2341 muris
525 2307 564 2341 et
597 2304 790 2342 ruderatis
823 2304 1061 2342 Macedoniae
1098 2296 1298 2354 (Orpffl),
1338 2302 1522 2340 Taraciae
1560 2307 1599 2341 et
1629 2304 1808 2352 Byzantii

122 2358 261 2414 (Sibth.
295 2361 448 2401 Griseb.
474 2363 595 2401 Heldr
612 2360 645 2415 1)
665 2393 673 2412 ,
701 2363 893 2401 Anatoliae
926 2363 975 2400 ad
1007 2363 1200 2401 Haimana
1224 2360 1435 2413 (Wied!)‚
1463 2361 1620 2400 Tauriae
1642 2362 1805 2415 (Stem),

117 2431 231 2468 prov.
262 2421 562 2462 Caucasicarum
588 2421 654 2472 (ex
680 2420 857 2473 Ledeb.).

173 2486 218 2540 β.
249 2486 531 2543 inteyrifolia.
564 2486 678 2529 Folia
706 2486 872 2529 caulina
899 2486 1086 2529 obsolete
1114 2485 1299 2528 dentata.

177 2556 277 2595 Hab.
298 2556 337 2593 in
363 2554 479 2594 Caria
503 2553 662 2609 (Pinard
679 2549 688 2594 l
708 2556 736 2607 ).

174 2621 249 2662 Ar.
283 2622 443 2674 Geogr.
476 2624 636 2672 Europa
658 2624 797 2662 media.

174 2769 232 2812 D.
254 2770 515 2814 viminea
543 2769 605 2825 (L.
637 2769 706 2826 Sp.
738 2768 822 2811 919
851 2768 928 2811 snb
958 2768 1176 2825 Brassica.)
1206 2768 1462 2811 multicaulis
1491 2768 1685 2812 caulibus
1714 2769 1807 2811 lier-

116 2826 255 2870 baceis
284 2827 709 2885 subscapiformibus,
739 2826 847 2870 foliis
876 2827 962 2869 fere
991 2827 1190 2869 omnibus
1218 2827 1476 2869 radicalibus
1505 2827 1806 2885 sinuato-lyra-

116 2885 167 2927 tis
191 2885 357 2929 laciniis
383 2886 584 2929 brevibus
611 2885 792 2940 obtusis,
821 2885 1036 2942 pedicellis
1053 2884 1158 2928 flore
1185 2884 1471 2939 brevioribus,
1502 2886 1652 2942 petalis
1683 2886 1805 2929 luteis
