2021 3235
1018 127 1104 169 &Q

273 226 412 264 Differt
435 237 458 262 a
480 223 533 262 M.
555 223 768 273 parvistord
797 227 833 261 et
854 225 962 262 namt
986 223 1090 271 stylo
1113 222 1356 269 abbreviato,
1396 234 1418 259 a
1440 222 1560 270 priori
1592 223 1701 260 caule
1725 226 1762 260 et
1785 224 1903 261 ramis

213 285 466 329 tenuioribus,
486 284 680 331 stigmatis
699 283 799 322 lobis
816 295 892 321 non
910 282 1231 331 conniventibus3
1257 294 1280 318 a
1297 282 1508 329 posteriori
1529 280 1631 319 foliis
1655 286 1693 319 et
1708 282 1903 330 stigmate.

272 351 349 391 Ar.
382 357 544 401 Geogr.
579 351 714 389 Africa
738 351 908 389 borealis
932 351 1035 397 (Bal.
1072 361 1157 387 exs.
1189 347 1350 400 1551),
1377 349 1493 387 Italia
1521 350 1704 387 australis
1727 350 1776 388 ad
1801 362 1906 388 mare

214 413 473 451 Adriaticum.

272 568 341 610 M.
370 579 531 611 nana
572 567 658 623 (DC.
688 568 798 624 Syst.
832 567 886 620 Il,
926 581 964 622 p.
1006 565 1092 609 486
1128 573 1168 609 et
1203 566 1336 609 herb!
1377 566 1455 608 sub
1492 566 1752 623 Sisyfmbrio)
1796 568 1907 624 pube

215 627 377 670 stellata
405 625 520 669 brevi
549 625 664 668 molli
693 626 879 679 cinerea,
919 625 1029 667 soliis
1058 624 1231 667 minutis
1261 632 1437 680 anguste
1467 625 1662 681 oblongis
1689 625 1908 670 inferiori-

215 686 294 728 bus
320 683 584 742 pinnatifidis
612 684 908 740 superioribus
936 683 1214 736 summm-ris,
1258 683 1473 739 pediccllis
1510 684 1651 729 calvce
1686 684 1775 728 basi
1805 686 1907 728 sub-

216 745 368 803 aequali
396 743 761 799 sublongioribus,
805 742 952 799 petalis
988 742 1195 794 obovatis‚
1239 742 1403 799 siliquis
1431 732 1679 798 gracillimis
1709 744 1910 787 torulosis

218 808 325 864 stylo
352 802 584 862 cylindrico
610 802 805 858 stigmate
831 800 1095 858 subcapitato
1135 806 1201 852 O.
1248 800 1334 843 Sis.
1367 801 1536 843 binerve
1561 800 1718 845 C.A.M.
1750 802 1903 845 Enurn.

219 879 261 921 p.
284 863 384 907 189.
414 862 523 905 Jaub
552 868 592 904 et
617 861 685 918 Sp.
718 860 871 903 Illustr.
904 859 974 902 Or.
1006 859 1091 902 tab.
1114 858 1213 902 0289.
1245 860 1302 901 M.
1326 860 1511 902 binerm‘s
1538 860 1670 903 Boiss.
1701 860 1809 903 Ann.
1840 860 1905 904 Sc,

220 925 314 967 Nat.
345 921 475 971 1842,
505 935 545 977 p.
579 918 649 961 71.
686 918 885 976 Hesperie
911 919 1202 961 ramosissima
1231 917 1343 960 Desf.
1374 917 1459 961 Cat.
1493 918 1586 961 Par.
1620 933 1702 962 non
1733 919 1794 962 Fl.
1826 921 1904 962 Atl.

220 996 288 1026 Dc.
319 981 428 1039 Syst.
459 979 512 1031 ΙΙ,
542 992 583 1036 p.
614 977 700 1020 455
733 978 872 1034 quoad
899 978 1086 1033 plantam
1113 976 1396 1020 Orientaleml
1442 977 1640 1034 Hesperia
1671 976 1909 1022 &tentalis

219 1041 445 1085 maritima
473 1037 709 1093 leaeoz'felio
736 1037 887 1079 incana
913 1036 1016 1091 flore
1041 1035 1222 1078 minimo
1249 1035 1408 1078 Tourn.
1430 1034 1525 1078 Cor.

261 1112 379 1153 *Hab.
412 1111 448 1147 in
476 1109 679 1146 maritimis
704 1108 896 1145 Anatoliae
922 1105 1159 1158 (TournP),
1187 1107 1302 1143 maris
1335 1105 1468 1156 Caspii
1494 1119 1619 1156 prope
1657 1106 1768 1145 Baku
1795 1107 1908 1158 (O.A.

219 1172 310 1220 Mey
326 1169 348 1223 l)
374 1173 413 1208 et
435 1169 645 1206 Lenkoran
671 1165 834 1219 (Hohl),
862 1166 910 1203 ad
934 1166 1071 1204 Enzeli
1093 1166 1241 1204 Persiae
1262 1167 1344 1204 bor.
1372 1160 1577 1216 (Buhsel).

280 1241 440 1289 Septum
461 1241 500 1276 ut
520 1238 559 1275 in
583 1236 819 1286 praecedenti
844 1235 1002 1274 binerve
1027 1235 1090 1273 vel
1113 1235 1245 1273 nervis
1262 1235 1299 1272 in
1317 1247 1433 1273 unum
1453 1235 1605 1273 coalitis
1624 1234 1909 1274 unifasciatum.

221 1301 353 1339 Locus
377 1298 566 1337 Sibiricus
589 1309 612 1334 a
636 1296 684 1334 cl.
709 1308 774 1334 Dc.
799 1295 995 1333 indicatus
1018 1306 1207 1332 erroneus
1231 1297 1300 1332 est.

279 1468 348 1510 M.
376 1464 675 1521 pulchella
716 1463 802 1518 (DC.
835 1462 942 1517 Syst.
975 1460 1029 1512 ΙΙ,
1066 1473 1104 1516 p.
1136 1458 1222 1502 455
1258 1459 1337 1502 sub
1370 1459 1617 1518 Hesperiae)
1661 1461 1910 1505 tenuissima

221 1539 333 1568 nana
360 1522 634 1575 m1111icaulis‚
664 1520 774 1563 soliis
801 1518 1102 1576 glabriusculis
1129 1518 1320 1561 obovatis
1338 1519 1525 1562 obsolete
1544 1519 1763 1576 repandiS‚
1792 1521 1911 1578 pedi-

222 1584 327 1627 cello
354 1583 495 1639 calyce
522 1580 613 1624 basi
641 1580 853 1622 bisaccalo
881 1579 1008 1634 duplo
1037 1576 1237 1632 longiori,
1267 1578 1415 1633 petalis
1442 1578 1632 1621 obovatis
1656 1579 1791 1622 vivide
1809 1593 1911 1636 pur-

222 1642 384 1700 pureis,
415 1640 567 1696 siliqua
594 1638 843 1682 tenuissima
871 1637 1036 1694 glabra,
1066 1637 1171 1694 stylo
1195 1636 1391 1680 subulato
1408 1643 1604 1680 truncato
1623 1636 1786 1694 siliquze
1805 1638 1908 1681 latit.

223 1700 302 1744 023
331 1701 397 1758 plo
424 1698 605 1754 longiori
637 1704 703 1750 Θ.
748 1697 806 1740 M.
833 1695 1052 1754 pulehetta
1084 1694 1215 1737 Boiss.
1247 1696 1354 1738 Ann.
1386 1695 1449 1739 Sc.
1482 1695 1574 1739 Nat.
1606 1695 1747 1750 1842,
1786 1710 1825 1753 p.
1859 1696 1912 1741 70

224 1761 327 1804 excl.
359 1772 451 1816 syn.
482 1757 538 1799 H.
566 1769 771 1814 pquseoe.

282 1830 382 1867 Hab.
409 1829 447 1865 in
470 1827 647 1865 arenosis
670 1826 889 1864 Palaestinae
912 1825 1017 1863 circa
1042 1823 1152 1862 Gaza
1169 1822 1301 1869 (Boiss
1317 1816 1359 1875 l),
1387 1825 1513 1873 Joppe
1538 1822 1701 1877 (Rothl)
1729 1826 1766 1863 in
1797 1825 1912 1874 Syria

224 1888 419 1927 maritima
440 1887 490 1924 ad
512 1886 725 1935 Berythum
750 1885 877 1935 (Olivl
902 1885 947 1922 Bl
965 1879 1008 1935 l).

283 1956 422 1993 Planta
443 1951 526 1992 2-5
550 1952 765 2001 polliearis,
792 1952 909 1991 flores
934 1951 1096 1999 magnit.
1118 1950 1170 1988 M.
1197 1949 1346 1989 Groeeae.
1372 1949 1522 1999 Siliqua
1546 1948 1680 2005 1-11]2
1699 1951 1913 2000 pollicaris.

282 2128 351 2171 M.
381 2134 636 2182 pygmea
663 2122 768 2178 (Del.
792 2121 852 2164 Ill.
880 2121 971 2178 AEg.
1004 2135 1044 2178 p.
1067 2119 1122 2163 119
1149 2119 1227 2162 sul)
1255 2119 1499 2176 Hesperiae)
1525 2119 1776 2163 tenuissima
1803 2133 1912 2162 nana

225 2184 501 2238 multicaulis,
545 2181 655 2226 soliis
697 2181 809 2238 pube
846 2181 1006 2223 stellata
1041 2178 1365 2222 canescentibus
1393 2178 1831 2235 oblongo-linearibus
1858 2177 1913 2221 si-

223 2241 637 2300 nuato-pinnatifidis
664 2239 855 2292 minutis,
886 2239 1092 2295 pedicello
1120 2238 1257 2294 calyce
1286 2237 1498 2280 hisaccato
1527 2236 1600 2280 22-:3
1617 2237 1686 2294 plo
1713 2236 1912 2293 longiori,

223 2302 374 2360 petalis
401 2300 592 2344 obovatis
619 2298 773 2356 pallide
802 2298 952 2351 roseis,
997 2297 1149 2354 siliqua
1187 2295 1436 2339 tenuissima
1472 2296 1637 2352 glabra,
1682 2297 1787 2353 stylo
1815 2295 1914 2338 sub-

223 2363 384 2405 clavato
412 2360 530 2417 apice
557 2357 701 2401 bilobo
729 2356 894 2414 siliquae
923 2356 1026 2400 latit.
1058 2356 1184 2413 paulo
1212 2354 1392 2410 longiori
1425 2360 1491 2407 Θ.

283 2435 384 2472 Hab.
407 2434 445 2470 in
468 2433 646 2481 AEgypto
685 2431 734 2468 ad
761 2431 1041 2468 Alexandriam
1080 2434 1118 2466 et
1148 2428 1328 2466 Aboukir
1357 2428 1463 2479 (Del.
1498 2427 1622 2466 Auch.
1651 2439 1732 2467 exs.
1764 2425 1906 2476 1501),

224 2494 274 2531 ad
301 2504 407 2531 mare
432 2493 632 2531 Persicum
655 2490 694 2527 in
716 2489 842 2528 insula
867 2489 1026 2527 Karrak
1051 2485 1135 2543 (Ky
1158 2498 1241 2525 eXS.
1267 2485 1295 2525 4
1310 2480 1359 2538 l).

285 2561 526 2600 Praecedenti
552 2559 679 2597 affinis
704 2557 834 2596 differt
870 2557 1118 2606 indumento,
1146 2555 1271 2606 foliis,
1302 2555 1462 2594 floribus
1495 2554 1653 2593 dimidio
1689 2554 1915 2601 minoribus,

225 2622 423 2671 stigmate.

228 2792 307 2850 §2
343 2790 587 2848 Rigidae.
627 2788 766 2844 Calyce
794 2789 885 2831 basi
909 2787 1090 2845 (equalis
1117 2786 1181 2829 vel
1206 2785 1482 2842 subcequatv's,
1519 2784 1700 2842 Siliquae
1724 2797 1831 2841 ceyre
1853 2784 1917 2827 vet

405 2864 495 2892 sero
526 2850 781 2891 dehiscentes
811 2847 962 2903 rz‘qz‘ctae
993 2847 1039 2889 in
1067 2846 1225 2901 stiyma
1250 2850 1426 2887 acutam
1457 2844 1521 2886 vel
1546 2845 1743 2887 obtusam
1759 2843 1916 2886 sensim

404 2913 650 2951 attenuatae.
686 2907 833 2949 Petata
865 2907 1048 2961 integra.
