2021 3235
1039 133 1122 177 746

230 216 686 274 oblongo-lanceolatis
711 223 964 267 acuminatis
1000 223 1165 284 stipulis
1199 224 1409 268 similibus
1436 225 1562 268 flores
1588 226 1920 270 suboccultanti-

229 274 332 328 bus,
355 278 532 341 'calycis
573 280 741 325 laciniis
783 282 973 326 obovatis
1008 282 1171 326 obtusis
1207 283 1287 326 sub
1323 283 1441 341 apice
1477 284 1665 328 breviter
1690 285 1920 342 spinulosis

228 347 421 391 margine
450 337 636 383 scarioso
663 340 772 397 parti
799 341 1020 385 herbaceae
1047 341 1247 399 aequilato
1283 350 1344 392 26,

288 405 387 444 Hab.
415 407 452 445 in
479 410 641 459 regione
666 412 801 461 alpina
829 411 987 461 Olympi
1012 412 1172 462 Bithyni
1197 410 1410 464 (Boiss!)‚
1437 412 1566 451 Tmoli
1593 424 1712 462 supra
1732 412 1921 462 Bozdagh

229 464 265 500 in
291 464 420 512 Lydia
443 466 598 517 (Boiss!
626 471 751 517 Ball).
777 472 945 510 Fl.-aest.

276 530 330 592 ss.
373 528 623 596 Velucensz's.
655 533 773 578 Folia
798 534 1154 592 ovato-oblonga,
1187 535 1372 579 bracteae
1403 534 1582 579 floribus
1619 535 1920 580 subbreviores

229 600 370 631 minus
398 599 667 635 acummatae.

286 658 387 698 Hab.
413 661 451 697 in
476 663 637 709 regione
661 664 851 712 superiori
876 664 1019 702 montis
1044 664 1208 703 Veluchi
1232 664 1389 703 AEtoliae
1412 662 1560 718 (Guicc.
1587 668 1625 703 et
1649 664 1872 715 Samaritl).

287 725 362 767 Ar.
396 727 559 779 Geogr.
594 731 746 769 Montes
772 731 981 781 Hispaniae,
1009 727 1199 782 Pyrenaei,
1227 737 1377 770 montes
1400 732 1583 773 Corsicae.

931 908 954 930 ἃ
986 908 1010 931 ³*
1043 909 1204 949 Annuae.

284 1044 341 1086 P.
369 1044 624 1089 Arabica
657 1046 703 1101 (1.
748 1046 874 1088 Mant.
906 1044 955 1088 51
999 1046 1078 1089 sub
1106 1046 1327 1103 Illecebro)
1356 1046 1582 1103 puberula,
1612 1044 1742 1088 ramis
1769 1043 1918 1087 filifor-

228 1100 367 1144 mibus
395 1103 617 1158 prostratis
644 1104 734 1147 laxe
762 1103 938 1158 foliosis,
968 1104 1079 1148 soliis
1105 1105 1300 1162 oblongis
1327 1104 1486 1162 glabris
1514 1104 1577 1147 vel
1594 1102 1789 1146 ciliolatis
1816 1102 1919 1146 aris-

226 1161 611 1215 tato-mucronatis,
631 1163 825 1221 capitulis
842 1164 1084 1207 numerosis
1107 1163 1353 1221 paucissoris
1370 1177 1494 1207 secus
1512 1177 1653 1206 ramos
1673 1169 1713 1205 et
1730 1162 1918 1205 ramulos

225 1218 470 1263 lateralibus
506 1227 547 1264 et
582 1222 904 1276 terminalibus,
952 1222 1135 1267 bracteis
1172 1221 1625 1280 oblongo-lanceolatis
1666 1220 1919 1264 acuminatis

225 1276 352 1321 flores
379 1279 649 1335 aequantibus
676 1282 739 1324 vel
767 1281 1087 1338 superantibus,
1117 1281 1268 1340 calycis
1288 1281 1389 1325 tubo
1406 1281 1519 1324 hirto
1536 1279 1702 1324 laciniis
1729 1278 1919 1323 obovatis

225 1338 303 1379 sub
331 1337 449 1394 apice
479 1346 840 1383 truncato-retuso
868 1339 997 1383 arista
1024 1340 1084 1384 eis
1111 1341 1352 1398 aequilonga
1379 1339 1597 1383 instructis
1615 1338 1808 1395 margine
1826 1351 1917 1381 sca-

226 1395 339 1438 rioso
366 1396 568 1453 utrinque
597 1406 715 1455 parte
743 1399 953 1443 herbacea
981 1400 1113 1442 multo
1141 1399 1289 1443 latiore
1321 1405 1387 1451 G).
1427 1399 1479 1442 Ρ.
1511 1398 1697 1441 Arabica
1729 1409 1795 1441 Dc.
1827 1395 1913 1440 Cat.

226 1455 388 1511 Monsp.
419 1454 556 1509 1814,
594 1472 634 1514 p.
667 1457 767 1502 130.
800 1485 849 1490 -—
885 1462 930 1501 Ρ.
963 1458 1168 1515 lonyz'seta
1194 1458 1349 1502 Webb.
1381 1458 1499 1516 Phyt.
1531 1457 1629 1501 Can.
1662 1457 1700 1510 l,
1730 1455 1831 1499 163.
1860 1481 1919 1488 —

228 1512 469 1571 Corriyiola
496 1515 653 1559 albella
680 1517 828 1560 Forsk.
860 1518 1002 1561 Descr.
1035 1517 1133 1561 207.

284 1586 384 1625 Hab.
408 1587 446 1624 in
478 1589 656 1626 arenosis
679 1589 845 1639 AEgypti
881 1590 984 1628 circa
1008 1589 1287 1628 Alexandrium
1313 1584 1550 1642 (Samen),
1576 1587 1785 1625 Palestinae
1808 1586 1912 1624 circa

224 1644 331 1683 Gaza
356 1645 541 1697 (Boissl).
568 1647 626 1685 Fl.
651 1648 741 1686 Mai.

279 1712 323 1766 β.
354 1713 645 1767 macrosteqia.
685 1712 870 1757 Bracteae
896 1714 1082 1769 majores
1107 1713 1235 1757 flores
1261 1713 1432 1770 longius
1458 1718 1724 1771 superantes.
1763 1714 1810 1752 P.
1840 1724 1913 1754 ar-

218 1775 366 1826 ycntea
393 1783 481 1813 var.
512 1770 775 1828 AEyyptiaca
801 1772 940 1815 Webb
970 1772 1086 1830 Phyt.
1116 1771 1267 1816 Canas.
1300 1772 1333 1825 Ι,
1363 1771 1463 1815 163.

279 1841 380 1879 Hab.
408 1841 445 1878 in
471 1843 647 1880 arenosis
672 1843 839 1893 AEgypti
865 1844 914 1882 ad
936 1844 1216 1882 Alexandriam
1243 1843 1380 1896 (Gadet
1405 1844 1453 1881 de
1469 1843 1694 1892 Fontenay!
1721 1840 1914 1890 Samarl).

280 1907 423 1945 Forma
456 1909 701 1948 intermediis
724 1911 773 1948 ad
811 1914 947 1959 typum
985 1911 1190 1958 transiens,
1225 1922 1331 1959 saepe
1366 1910 1500 1948 habita
1525 1922 1594 1958 pro
1620 1910 1664 1948 P.
1688 1909 1871 1959 argentea
1893 1920 1915 1946 a

219 1968 296 2015 qna
321 1971 458 2015 praeter
481 1968 622 2007 aristas
649 1971 852 2019 elongatas
885 1970 1032 2020 calycis
1068 1969 1198 2008 differt
1233 1971 1364 2009 radice
1399 1970 1546 2018 annua,
1586 1969 1690 2008 foliis
1722 1968 1909 2017 existatis,

219 2030 293 2065 etc.

274 2092 346 2133 Ar.
380 2099 541 2145 Geogr.
578 2096 724 2135 Arabia
747 2098 900 2145 tropica
924 2093 1119 2150 (For-sk).

277 2266 334 2308 P.
362 2265 740 2310 desertorum
767 2266 919 2323 (Boiss.
952 2266 1102 2324 Diagn.
1133 2266 1223 2310 Ser.
1256 2266 1298 2320 I,
1328 2266 1411 2320 Ill,
1442 2280 1481 2323 p.
1513 2265 1588 2322 11)
1625 2265 1917 2322 velutino-pu-

221 2323 423 2377 bescens,
461 2323 605 2368 ramis.
630 2324 838 2380 elongatis
874 2325 1039 2369 diffusis
1072 2325 1237 2369 inferne
1264 2324 1376 2369 foliis
1403 2332 1444 2368 et
1470 2324 1638 2381 stipulis
1665 2323 1917 2367 densissime

221 2382 457 2425 imbricatis
484 2382 650 2436 obsitis,
678 2383 790 2427 foliis
817 2384 1265 2440 oblongo-lanceolatis
1292 2383 1478 2427 breviter
1495 2382 1777 2436 mucronatis,
1807 2382 1917 2439 capi-

221 2440 318 2484 tulis
346 2441 588 2484 numerosis
614 2441 861 2498 paucissoris
893 2442 936 2485 in
965 2442 1182 2499 paniculas
1209 2443 1426 2499 elongatus
1454 2449 1655 2499 angustas
1682 2440 1917 2498 dispositis,

221 2499 405 2542 bracteis
431 2499 562 2543 ovatis
590 2501 724 2544 acutis
751 2501 877 2544 flores
905 2502 1031 2558 paulo
1058 2501 1360 2558 superantibus
1377 2537 1386 2555 ,
1424 2500 1576 2558 calycis
1612 2499 1703 2546 basi
1732 2499 1832 2542 hirti
1860 2500 1919 2542 la-

222 2557 346 2600 ciniis
372 2558 561 2602 obovatis
588 2558 667 2601 sub
695 2559 813 2616 apice
842 2560 1286 2617 rotundato-truncato
1314 2573 1518 2603 mucrone
1547 2559 1607 2602 eis
1635 2559 1708 2602 3-4
1734 2559 1803 2615 plo
1822 2558 1919 2601 bre-

222 2616 330 2659 viori
364 2617 498 2660 auctis
531 2617 725 2672 margine
760 2618 948 2662 scarioso
983 2626 1101 2675 parte
1136 2619 1346 2662 herbacea
1384 2618 1584 2676 utrinque
1613 2617 1837 2661 sublatiori
1869 2622 1915 2669 Q)

222 2676 285 2718 vel
313 2689 570 2732 perennans.
601 2675 853 2719 Illecebrum
878 2676 1113 2720 Arabicum
1146 2677 1300 2720 Bertol.
1340 2676 1400 2720 Fl.
1432 2677 1522 2720 Ital.
1564 2690 1603 2734 p.
1637 2675 1721 2718 734
1758 2689 1843 2718 non
1871 2675 1914 2718 L.

282 2745 384 2783 Hab.
412 2746 448 2782 in
465 2747 650 2797 ‚arenosis
676 2748 920 2784 desertorum
946 2746 1114 2795 AEgypti
1142 2748 1242 2785 inter
1263 2746 1451 2785 Kaliii·am
1477 2753 1514 2785 et
1539 2747 1639 2784 Suez
1665 2743 1854 2799 (Boiss!)‚
1879 2746 1917 2783 in

224 2805 383 2853 regione
407 2805 566 2843 Hauara
590 2807 747 2845 Arabiae
776 2806 925 2844 Petreae
967 2802 1165 2860 (Schimp.
1194 2818 1275 2844 exs.
1308 2805 1420 2846 5451
1466 2808 1536 2845 sub
1560 2807 1604 2844 Ρ.
1635 2804 1856 2859 Arabica),
1882 2806 1920 2843 in

225 2864 391 2902 desertis
430 2865 574 2902 Porsiae
610 2866 794 2904 australis
834 2867 880 2903 ad
922 2865 1053 2904 Sinum
1096 2866 1297 2904 Persicum
1337 2866 1484 2913 (Aueh.
1522 2879 1603 2904 exs.
1638 2863 1827 2916 4518t).
1860 2865 1918 2903 Fl.

225 2924 441 2973 Ap1·.-Mai.
