2021 3235
1031 182 1116 227 958

229 297 368 354 calyce
402 294 529 352 triplo
571 294 864 350 longioribus,
903 294 1084 337 racemis
1128 293 1252 345 laxis,
1282 291 1445 349 siliquis
1486 291 1645 347 glabris
1674 297 1917 345 tetragono-

228 354 482 411 compressis
517 353 715 396 tenuibus
751 353 993 409 patentibus
1030 351 1296 394 subarcuatis
1332 350 1539 408 pedicello
1580 349 1698 392 tenui
1727 348 1821 391 6-8
1849 349 1918 405 plo

228 413 509 469 longioribus,
539 411 733 467 stigmate
760 411 923 463 sessili,
953 410 1188 454 seminibus
1216 409 1333 466 apice
1361 416 1537 465 anguste
1564 407 1686 450 alatis
1723 415 1783 457 26.

290 484 389 520 Hah.
416 484 453 518 in
479 482 664 519 Armenia
687 482 737 518 ad
762 481 1002 528 Taehkopru
1029 480 1159 530 (Huetl
1182 484 1206 528 ),
1233 481 1270 516 in
1294 479 1455 525 regione
1480 478 1614 526 alpina
1648 478 1760 515 Ponti
1786 476 1919 515 Lazici

231 543 279 580 ad
307 542 450 591 Djemil
477 538 588 594 (Ball
611 541 678 578 alt.
707 538 879 590 7500').

291 608 549 656 Semipedale,
576 607 669 644 folia
699 605 829 646 12-15
852 607 917 644 lin.
945 607 1064 655 longa
1088 604 1115 644 5
1148 606 1237 642 lata.
1273 604 1431 653 Siliquae
1461 601 1595 643 16-18
1622 603 1687 640 lin.
1711 603 1837 650 longae
1864 599 1916 655 ¹s³

233 670 332 706 latae.
354 668 497 706 Fructu
523 672 674 704 maturo
698 679 821 714 nuper
845 669 1008 713 accepto
1033 665 1132 703 hane
1157 665 1330 712 plantam
1356 665 1405 701 ob
1432 664 1609 700 valvulas
1645 662 1921 699 carinato-uni-

234 741 371 766 nerves
399 740 422 764 a
448 726 681 765 Cardamz'nc
706 727 872 764 alienam
907 736 993 761 esse
1025 725 1218 774 comperi,
1244 724 1343 760 inter
1367 722 1576 761 Arabidcm
1600 727 1638 760 et
1661 720 1923 770 Sisymbrium

233 789 435 835 ambigens
459 787 547 824 liuic
570 787 618 823 ob
643 786 857 823 radiculam
884 784 1084 832 obliquam
1109 788 1147 820 et
1169 783 1343 821 habitum
1370 782 1635 820 adnumeravi.

293 854 367 895 Sis.
392 855 678 905 pinnatisc'dum
700 854 798 891 facie
816 853 930 890 affine
949 853 1078 890 differt
1093 853 1254 890 floribus
1273 852 1390 900 triplo
1417 851 1643 897 minoribus,
1662 861 1817 888 racemo
1837 860 1923 887 eon-

234 921 358 954 traeto
377 916 529 964 siliquis
554 915 740 952 teretibus
767 913 883 951 rectis
908 912 1025 960 triplo
1043 912 1302 949 brevioribus.
1328 910 1403 949 Sis.
1432 911 1550 959 Boryz'
1566 923 1626 946 z
1647 908 1789 948 Arabis
1808 907 1926 957 Boryi

236 977 365 1014 Boiss.
402 974 652 1021 distinguitur
686 973 789 1010 foliis
815 984 889 1009 non
919 972 1145 1009 auriculatis
1177 976 1213 1009 et
1248 971 1400 1019 siliquis
1425 970 1624 1008 brevibus.
1655 968 1731 1007 Sis.
1758 969 1927 1007 Zanonz'i

236 1036 454 1083 proximum
480 1034 606 1071 differt
630 1033 782 1080 siliquis
797 1031 1043 1069 brevioribus
1067 1031 1346 1079 quadrangulis
1366 1034 1403 1067 et
1426 1030 1528 1077 stylo
1554 1030 1752 1077 elongato.
1776 1029 1927 1066 Forsan

237 1094 378 1133 Arabis
399 1097 541 1143 pelroea
567 1106 588 1129 a
623 1093 707 1129 ΜΒ.
743 1092 779 1128 ἰη
819 1091 994 1128 Caucaso
1025 1090 1197 1128 indicata
1237 1095 1273 1127 et
1309 1102 1422 1138 quam
1449 1101 1523 1126 non
1553 1089 1632 1126 vidi
1670 1088 1719 1125 ad
1756 1092 1930 1125 nostram

237 1155 408 1202 speciem
433 1152 641 1190 reserenda
672 1156 743 1188 est.

238 1241 337 1296 Pag.
370 1239 477 1292 254,
512 1239 586 1281 lin.
618 1236 689 1280 27.
728 1238 791 1281 Ad
818 1239 1109 1282 Ricotiam
1140 1238 1461 1282 Lunariam
1498 1236 1619 1278 dele:
1653 1234 1774 1278 Linn.
1806 1234 1926 1292 Spec.

503 1305 582 1340 etc.
615 1305 650 1339 et
681 1310 791 1352 pone
817 1311 823 1338 :
854 1309 921 1339 nc.
955 1296 1061 1354 Syst.
1094 1295 1152 1348 ll,
1182 1310 1222 1353 p.
1255 1294 1355 1338 Ο284.

242 1393 340 1447 l‘ag.
373 1389 482 1442 297,
514 1388 586 1431 lin.
620 1387 688 1430 15.
723 1388 802 1430 Pro
830 1389 891 1431 A.
911 1388 1287 1433 dioranoides
1304 1388 1425 1443 lege:
1457 1388 1516 1431 D.
1536 1384 1928 1432 dioranoides.

240 1484 337 1536 pag.
369 1480 476 1533 3116,
513 1479 586 1522 lin.
633 1478 702 1521 15.
749 1479 808 1521 Ad
850 1479 1261 1523 Anastaticam
1311 1476 1844 1522 Hierochuntinam
1887 1474 1929 1517 in

501 1539 859 1639 ss3.iSG:309r..
888 1551 964 1593 pro
997 1537 1190 1580 «Arabia
1218 1536 1440 1579 borealis»
1473 1549 1609 1592 pone:
1646 1551 1661 1575 «
1694 1533 1835 1576 Africa
1860 1533 1932 1575 bo-

239 1692 337 1748 Pag.
368 1690 470 1743 320,
500 1688 575 1790 lin.
616 1687 789 1789 3O.RA51
831 1689 1271 1732 Heldreichiam
1311 1688 1597 1742 Kotschyi
1624 1698 1730 1741 pro:
1768 1701 1783 1724 (ι
1817 1683 1877 1727 eis
1909 1700 1924 1724 »

518 1761 623 1803 ege:
661 1763 677 1787 «
738 1760 814 1789 els.
841 1763 858 1787 >>

240 1843 338 1895 Pag.
369 1841 480 1894 344,
507 1840 577 1942 llin
610 1840 652 1883 8.
697 1841 756 1941 {d
789 1842 1176 1905 ’IEthionema
1216 1841 1491 1896 Bourqaei
1532 1840 1655 1882 loco:
1697 1855 1711 1879 «
1751 1837 1880 1895 Syriae
1911 1854 1926 1878 »

522 1913 626 1955 ege:
663 1916 678 1939 «
737 1913 853 1957 yclae.
877 1915 893 1940 >³

240 1992 338 2046 Pag.
369 1990 471 2042 364,
499 1990 575 2032 lin.
606 1989 675 2032 28.
708 1989 788 2032 Pro
814 1991 870 2033 Ρ.
905 1991 1138 2045 stylosa
1170 1991 1289 2046 lege:
1320 1990 1371 2034 S.
1408 1989 1652 2045 stylosa.

244 2083 339 2135 pag.
372 2080 474 2134 417,
503 2080 578 2123 lin.
610 2079 681 2122 27.
712 2081 771 2123 Ad
800 2081 1213 2137 Dipteryqium
1247 2082 1526 2137 glaucum
1552 2080 1673 2121 loco:
1715 2077 1805 2120 «D.
1836 2077 1930 2134 yla-

505 2140 630 2182 brum
656 2138 850 2182 Decaisn.
878 2156 893 2179 »
925 2140 1045 2195 lege:
1084 2156 1100 2179 «
1123 2139 1176 2182 D.
1211 2140 1409 2182 scabrum
1437 2138 1532 2180 Dec.
1561 2153 1577 2177 ›>

244 2233 341 2287 Pag.
373 2230 477 2283 437,
504 2229 577 2344 ὶιδῃί.
609 2229 657 2341 4.)
682 2230 742 2273 Ad
770 2231 999 2274 Cistum
1024 2231 1309 2275 villosum
1332 2230 1438 2273 adde
1463 2228 1715 2272 habitationi
1738 2243 1746 2270 :
1777 2227 1932 2271 Tauria

565 2302 634 2331 ev.
668 2324 675 2331 .

245 2382 344 2437 Pag.
375 2380 478 2434 496,
508 2380 583 2423 lin.
614 2379 700 2423 12:
729 2380 790 2422 Ad
816 2380 1140 2425 Dianthum
1170 2380 1454 2424 crinitum
1487 2378 1594 2421 adde
1637 2389 1932 2434 synonymon:

508 2439 560 2482 D.
592 2438 872 2495 Hmzyaricus
898 2438 1028 2481 Clem.
1061 2437 1214 2482 Sertul.
1245 2437 1410 2496 Olymp.
1440 2452 1481 2494 p.
1514 2435 1569 2480 18
1598 2449 1684 2479 non
1713 2435 1829 2477 Pers.

244 2532 343 2588 Pag.
375 2530 476 2584 592,
505 2530 581 2574 lin.
620 2529 660 2572 7.
706 2529 767 2572 Ad
795 2530 1052 2574 Silenem
1084 2531 1451 2574 Nicaeensem
1483 2529 1607 2571 loco:
1642 2543 1659 2567 «
1690 2525 1774 2570 Sil.
1806 2526 1936 2569 leuco-

505 2590 587 2646 phe
608 2605 624 2629 »
655 2589 778 2644 lege:
817 2604 832 2628 «
859 2588 944 2631 Sil.
976 2588 1231 2645 leucophaea.
1259 2604 1275 2628 ›>

249 2681 345 2737 Pag.
377 2678 478 2733 639,
507 2679 582 2722 lin.
614 2679 655 2723 8.
695 2679 756 2721 Ad
792 2679 1050 2723 Silenem
1085 2679 1468 2735 longifloram
1495 2677 1601 2720 adde
1635 2688 1933 2734 synonymon:
1972 2672 1975 2676 ”

515 2737 562 2781 S.
592 2738 850 2794 staticcsolia
866 2736 1000 2780 Sibth.
1033 2744 1075 2780 et
1099 2737 1185 2780 Sm.
1206 2736 1269 2779 Fl.
1299 2736 1434 2780 Graec.
1464 2735 1513 2788 V,
1543 2749 1583 2793 p.
1616 2734 1688 2787 24,
1719 2734 1804 2777 tab.
1823 2732 1939 2777 434?

512 2796 630 2840 Hanc
655 2796 843 2853 plantam
876 2795 921 2838 in
948 2796 1239 2854 Peloponneso
1281 2795 1512 2838 indicatam
1552 2808 1639 2837 non
1672 2792 1756 2836 vidi
1788 2793 1862 2836 sed
1889 2805 1938 2834 ex

511 2854 797 2913 descriptione
834 2860 875 2898 et
913 2854 1036 2898 icone
1068 2854 1236 2898 videtur
1261 2853 1437 2897 omnino
1474 2853 1611 2896 forma
1651 2852 1939 2910 depauperata

514 2913 560 2956 S.
594 2914 827 2971 lonyisloroe
852 2913 964 2956 foliis
999 2913 1060 2957 eis
1086 2912 1175 2971 typi
1208 2913 1333 2969 paulo
1377 2910 1697 2968 angustioribus
1730 2911 1782 2954 ad
1815 2908 1937 2952 basin

512 2972 643 3015 caulis
670 2971 805 3029 magis
831 2971 1061 3027 congestis,
1089 2972 1208 3014 caule
1236 2970 1379 3014 stricte
1397 2978 1437 3014 et
1464 2982 1682 3013 racemose
1708 2968 1781 3012 3-4
1807 2968 1933 3011 floro.
