2021 3235
1005 74 1089 118 802

271 222 334 263 H.
362 219 867 281 thymbraeiolium
903 216 1059 267 (Boiss.
1092 222 1132 256 et
1158 214 1244 257 Noe
1272 213 1422 269 Diagn.
1453 214 1541 256 Ser.
1574 214 1626 266 Il,
1659 215 1690 267 1,
1722 229 1758 271 p.
1800 215 1892 265 107)

209 279 420 334 glabrum,
459 276 649 319 caulibus
679 290 737 328 rgi
729 275 822 317 iilis
850 274 1110 330 simplicibus
1138 272 1330 315 elevatim
1358 272 1570 315 bilineatis
1600 274 1761 316 rubro—
1774 275 1893 329 glan-

211 337 343 379 slulos'
336 352 386 389 is,
406 313 513 378 foliis
541 342 653 377 aicte
682 334 914 376 ‹ouvolutis
943 332 1190 375 tenuissime
1218 331 1458 396 cylindricis
1486 332 1748 376 mucronatis
1775 333 1893 398 glan-

212 396 377 438 duloso-
381 393 895 450 3511613115,ςυιιιηῑιιιιιῃ
916 390 1152 434 axillarium
1169 389 1493 433 confertissimis
1519 390 1736 443 brevibus,
1764 391 1895 457 cymis

211 454 396 496 biewitei
421 452 714 508 pedunculatis
743 451 980 515 [1311153133]
1007 455 1230 504 angustam
1250 449 1552 502 formantibus,
1581 448 1733 507 calycis
1737 450 1893 514 partiti

213 514 367 555 coiolla
394 511 519 568 triplo
546 509 752 552 bievioris
780 508 942 551 laciniis
969 506 1213 550 lanceolatis
1241 506 1376 550 acutis
1403 507 1614 563 glandulis
1636 507 1769 562 nigris
1788 523 1896 551 mar-

212 570 385 624 pinalis,
415 569 544 612 ovaiii
573 569 718 610 loculis
747 567 823 610 20-
827 566 882 609 <25
909 565 1103 618 ovulatis‚
1134 565 1360 622 capsula.
1373 542 1482 615 .ῦ24.

270 641 370 678 Hal).
397 641 436 677 in
461 640 677 687 subalpinis
704 639 807 676 circa
831 637 1013 684 Kharput
1037 641 1075 673 et
1099 636 1164 673 Siv
1168 648 1212 673 as
1238 600 1431 673 Anatoliae
1454 635 1624 686 (Noe'l).

270 708 535 756 Semipcdale,
572 706 664 743 folia
704 707 857 743 caulina
894 702 991 743 4-5‘
1008 703 1132 741 lineas
1156 704 1274 751 longa
1296 703 1410 741 lineae
1433 703 1606 752 quintam
1629 708 1780 752 partem
1803 705 1895 751 lata,

212 768 388 805 axillaria
411 768 528 805 multo
552 766 744 811 breviora,
776 766 891 803 flores
913 765 969 801 eis
993 763 1039 800 H.
1067 762 1312 812 hyssopifolz'i
1340 765 1459 802 multo
1490 764 1672 802 minores.
1697 764 1836 803 Facies
1859 770 1898 802 et

209 828 324 864 flores
350 827 482 863 minuti
506 826 549 862 H.
577 825 722 863 hirtellz'
747 830 783 862 et
799 823 1000 873 Assyriaci
1016 824 1161 871 sepalis
1188 824 1305 872 longe
1321 823 1525 861 fimbriatis
1544 823 1830 869 distinctorum,
1847 825 1896 862 ab

211 887 256 924 H.
283 885 601 924 helz‘antlzemoide
628 885 731 922 foliis
757 884 1014 928 teniiissimiS‚
1049 882 1230 931 panicula
1259 884 1427 930 angusta
1459 887 1497 920 et
1532 883 1673 920 loculis
1698 884 1895 931 pluriovu-

212 947 298 984 latis
321 947 558 984 distinctum.

270 1101 333 1143 H.
362 1097 892 1143 helianthemoides
921 1095 1074 1153 (Sp-ach
1103 1096 1129 1137 l.
1160 1095 1230 1138 cit.
1261 1095 1310 1148 V,
1339 1110 1380 1152 p.
1417 1094 1502 1138 379
1530 1095 1609 1138 sub
1641 1095 1894 1154 Drosantlze)

211 1158 543 1214 glaberrimum,
582 1156 774 1199 caulibus
802 1154 974 1208 virgatis
1002 1153 1193 1197 elevatim
1222 1153 1435 1197 bilineatis
1462 1168 1509 1196 ex
1537 1154 1736 1201 omnibus
1763 1155 1896 1197 axillis

210 1218 362 1274 saepius
391 1216 650 1271 longiuscule
680 1214 920 1267 tamulosis‚
950 1214 1058 1256 foliis
1086 1212 1315 1270 pellucido·
1317 1212 1529 1270 punctalis
1557 1213 1792 1256 convolutis
1821 1228 1896 1257 an-

210 1284 329 1322 O'USlf
348 1275 515 1317 lineari·
518 1273 778 1331 cylindricis‚
798 1272 927 1330 cymis
946 1271 1242 1338 pedunculatis
1259 1272 1385 1328 longe
1404 1279 1443 1314 et
1466 1271 1764 1329 pyramidatim
1782 1272 1898 1330 pani-

210 1319 358 1377 culatis
386 1335 447 1376 vel
476 1334 517 1375 1-
522 1332 762 1389 paucissoris
787 1331 1035 1385 racemosis,
1063 1330 1248 1373 bracteis
1265 1331 1468 1386 oblonoo-
1472 1330 1897 1388 linearibusintegris

210 1394 271 1435 vel
299 1406 423 1449 parce
450 1393 487 1447 gl
493 1392 732 1434 anduloso
751 1390 987 1444 serrulatis,
1017 1389 1169 1455 calycis
1195 1389 1406 1446 profunde
1433 1389 1578 1446 partiti
1606 1390 1764 1433 corolla
1791 1389 1852 1434 3-

210 1452 277 1508 plo
306 1451 510 1494 brvexioris
537 1449 701 1493 laciniis
728 1456 876 1492 ovato-
890 1426 1085 1505 oblongis
1113 1448 1276 1491 obtusis
1303 1448 1455 1491 crebre
1482 1448 1755 1514 glanduloso—
1760 1449 1900 1492 denti-

210 1510 373 1563 culatis,
403 1509 534 1552 ovarii
562 1508 710 1551 loculis
740 1507 877 1550 10-12
904 1508 1104 1561 ovulatis,
1143 1508 1314 1564 capsula
1341 1510 1463 1551 ovata
1488 1507 1731 1550 acuminata
1757 1509 1898 1566 calyce

211 1568 258 1610 9-
262 1567 288 1611 3
314 1569 381 1625 plo
409 1568 599 1633 longiore
636 1575 696 1616 24.
735 1567 791 1609 H.
821 1567 1058 1624 capitatum
1083 1565 1222 1631 Chois.
1255 1566 1423 1632 Monog.
1454 1580 1495 1623 p.
1526 1564 1599 1619 57,
1630 1566 1716 1609 tab.
1746 1566 1771 1610 9
1801 1568 1897 1624 (no-

211 1641 307 1670 men
334 1626 507 1670 omnino
535 1626 816 1682 improprium
843 1640 864 1668 a
891 1625 1124 1683 specimine
1146 1623 1311 1682 juniori
1339 1624 1536 1668 abnormi
1564 1627 1739 1682 ortum)

270 1699 368 1736 Hab.
394 1698 431 1734 in
457 1698 607 1734 collinis
633 1702 670 1734 et
693 1698 799 1745 agris
836 1699 881 1734 d«
886 1698 1033 1735 relictis
1071 1697 1214 1744 Syriae
1228 1698 1329 1734 iuter
1353 1696 1604 1736 Antiochiam
1628 1701 1665 1734 et
1689 1697 1898 1736 Darkusch

211 1758 393 1807 (Boissl),
421 1757 520 1793 inter
545 1757 698 1804 Aleppo
723 1760 759 1794 et
783 1755 973 1805 Orfa(Ky
987 1755 1109 1795 exs.1
1091 1753 1145 1795 15
1164 1754 1236 1807 1),
1226 1768 1265 1794 m
1289 1760 1419 1795 monte
1439 1756 1649 1805 Ssoffdagh
1669 1755 1895 1810 (Hausskl),

212 1817 429 1865 Coelcsyria
455 1816 595 1862 (Auch.
622 1828 701 1853 exs.
727 1809 836 1856 905!
867 1815 969 1854 Gaill
986 1811 1053 1871 l),
1080 1816 1307 1854 Antilibano
1332 1815 1425 1866 (Ky
1451 1827 1535 1854 exs.
1557 1810 1687 1865 651),
1715 1817 1898 1855 Damasci

213 1877 342 1927 (Boiss
360 1877 409 1926 1),
445 1876 483 1913 in
523 1882 648 1913 monte
675 1875 798 1915 Gebel
825 1876 955 1914 Abiad
993 1877 1092 1913 inter
1116 1876 1243 1913 Hama
1267 1880 1305 1913 et
1340 1876 1561 1924 Palmyram
1587 1872 1651 1930 (Bl
1672 1873 1729 1926 l),
1762 1876 1899 1914 Persia

212 1936 370 1973 australi
394 1936 494 1973 inter
518 1935 792 1974 Kermanchah
818 1941 856 1973 et
878 1935 1083 1973 Hamadan
1109 1933 1212 1987 (Oliv
1229 1934 1273 1986 1).
1298 1935 1357 1972 Fl.
1381 1935 1577 1973 Jun.-Jul.

272 2004 298 2039 A
330 2003 462 2040 formis
488 2004 701 2042 minoribus
724 2003 774 2041 H.
803 2003 1050 2054 hyssopisolii
1075 2004 1305 2052 quibuscum
1329 2015 1352 2041 a
1376 2003 1496 2041 variis
1520 2007 1558 2041 et
1583 2016 1643 2041 me
1668 2005 1754 2052 ipso
1780 2005 1896 2042 inter-

213 2064 302 2100 dum
334 2062 534 2100 confusum
560 2064 629 2100 fuit
661 2063 788 2101 differt
819 2064 979 2101 floribus
1016 2064 1134 2102 multo
1170 2064 1407 2111 minoribus,
1432 2063 1660 2101 lateralibus
1694 2075 1894 2111 cymarum

213 2122 500 2170 subsessilibus,
527 2123 648 2159 ovarii
683 2123 913 2161 subrotundi
949 2135 1021 2161 nec
1057 2123 1218 2170 oblongi
1253 2123 1384 2162 coccis
1406 2122 1709 2171 pauciovulatis,
1739 2123 1900 2171 capsula

213 2181 384 2218 breviter
407 2192 477 2218 nec
502 2182 615 2230 longe
641 2183 875 2220 acuminata.
900 2181 1070 2230 Capsula
1090 2180 1118 2221 2
1141 2183 1265 2220 lineas
1290 2183 1409 2231 longa
1435 2179 1571 2221 15-20
1598 2193 1766 2230 sperma.

271 2245 315 2298 β.
347 2244 596 2300 latifolium.
629 2245 745 2289 Folia
772 2245 938 2289 caulina
964 2245 1028 2288 vix
1057 2246 1246 2289 revoluta
1261 2246 1343 2289 late
1360 2245 1554 2289 linearia.
1587 2245 1708 2288 Dros.
1730 2245 1897 2288 helian·

215 2303 439 2346 chemoz'des
464 2303 587 2346 Jaub.
619 2311 659 2346 et
684 2303 752 2361 Sp.
786 2304 941 2347 Illustr.
972 2305 1056 2347 tab.
1087 2303 1158 2348 36.

272 2376 374 2412 Hab.
403 2375 440 2411 in
459 2378 587 2412 monte
611 2376 753 2413 Elbrus
779 2376 921 2414 Persiae
943 2377 1028 2415 bor.
1052 2376 1136 2427 (ΚΥ
1159 2387 1241 2414 exS.
1267 2373 1379 2415 249!
1409 2379 1448 2413 et
1472 2373 1600 2425 540),
1625 2375 1674 2414 ad
1699 2375 1897 2414 Perezend

214 2434 355 2471 Persiae
374 2438 493 2471 austr.
518 2433 599 2484 (Ky
628 2446 709 2472 eXS.
737 2432 847 2475 9551
874 2436 999 2474 Auch.
1025 2448 1107 2474 exs.
1131 2433 1301 2486 42903).

548 2584 570 2605 ἃ
603 2584 625 2605 ³*
659 2584 814 2623 Semina
839 2586 1203 2625 lineato-foveolata
1225 2588 1289 2626 vel
1320 2587 1556 2625 laeviuscula.

760 2691 787 2740 †
819 2693 932 2731 Folia
960 2694 1044 2732 basi
1069 2705 1146 2732 non
1172 2694 1345 2733 cordata.

270 2802 333 2843 H.
362 2799 802 2853 adenocladum,
832 2800 1045 2853 glabrum,
1076 2800 1166 2843 basi
1195 2800 1496 2843 suffrutescens
1514 2799 1703 2843 caulibus
1725 2813 1777 2856 pu
1794 2798 1895 2842 nilis

213 2858 471 2914 simplicibus
513 2858 912 2914 inflorescentiaque
954 2858 1163 2912 glandulis
1205 2858 1427 2916 pellucidis
1468 2858 1723 2916 prominulis
1764 2865 1894 2900 (tense
