2021 3235
1028 131 1086 177 44

270 225 528 274 Semipedalis
550 227 613 264 vel
636 227 801 277 pedalis,
824 226 919 265 folia
940 227 1123 276 pollicem
1145 226 1208 265 vel
1231 225 1550 276 sesquipollicem
1568 225 1674 276 lata3
1700 224 1827 262 affinis
1852 223 1897 263 R.

209 285 425 385 {iggffiffilig
447 290 486 324 et
508 286 662 326 Fenzlii
681 289 730 327 ab
765 287 820 325 eis
846 287 1008 335 carpelli
1035 289 1162 325 rostro
1189 285 1359 324 breviter
1383 285 1564 324 uncinato
1596 285 1763 334 aliisque
1793 284 1897 322 notis

273 485 333 527 R.
371 485 775 541 napellifolius
805 483 891 540 (Dc.
924 482 1093 541 Systsl.
1124 497 1164 540 p.
1197 481 1301 539 282)
1330 480 1661 538 ¹adpressissime
1696 480 1902 533 hirsutus,

211 542 445 585 rhizomate
473 542 589 585 brevi
619 555 853 599 praemorso
881 541 932 584 ad
961 542 1117 584 collum
1145 541 1274 584 dense
1303 540 1527 592 fibrilloso,
1556 539 1668 582 feliis
1694 540 1819 594 longe
1839 553 1906 595 pe-

212 600 367 644 tiolatis
394 601 642 644 orbiculatis
670 599 961 657 subpinnatim
991 599 1174 643 triseetis
1211 605 1433 655 segmento
1475 597 1616 640 medio
1659 597 1906 654 petiolulato

212 660 413 703 omnibus
453 659 496 702 in
538 659 713 702 lacinias
748 659 896 714 longas
936 658 1121 701 lineares
1164 657 1283 714 apice
1310 657 1476 700 trifidas
1513 656 1686 699 obtusas
1723 655 1905 712 partitis,

212 719 332 761 caule
350 718 426 761 1-2
442 718 566 770 flere,
586 716 740 774 sepalis
757 716 933 769 villosis,
953 715 1151 774 earpellis
1170 715 1462 774 (junioribus)
1480 714 1525 757 in
1543 722 1733 758 rostrum
1751 715 1909 757 subun-

211 776 399 819 einatum
427 776 684 820 abeuntibus
720 783 780 825 26.
811 775 862 818 R.
897 773 1134 819 Orientalis
1160 774 1460 832 napelLisolius
1485 774 1588 830 flore
1608 773 1718 816 luteo
1737 787 1906 830 maqno.

213 835 372 878 Tourn.
404 835 498 878 Cor.
530 841 570 877 et
598 834 730 877 herb!

272 908 372 945 Hab.
399 907 438 944 in
465 906 716 954 Cappadocia
741 902 993 958 (Tourneft),
1021 904 1209 943 Armenia.
1228 902 1367 958 (Auchi
1387 915 1473 944 exs.
1497 901 1616 944 4002
1634 903 1686 955 ἱ),
1715 905 1753 942 in
1777 907 1909 942 monte

214 966 430 1015 Teehdagh
463 966 528 1003 alt.
558 962 848 1006 7000‘-8000⁷
872 962 1061 1014 (Huet!).

274 1035 413 1072 Planta
431 1034 682 1082 semipedalis
707 1038 745 1072 et
771 1033 985 1082 procerior,
1011 1033 1106 1071 folia
1123 1043 1228 1082 saepe
1244 1032 1429 1081 pollicem
1452 1032 1583 1081 longa,
1609 1032 1803 1070 caulinum
1819 1032 1904 1070 flori

212 1095 523 1142 approximatam
555 1094 594 1130 in
617 1097 694 1131 tres
720 1093 885 1132 lacinias
913 1093 1113 1142 partitum,
1137 1092 1211 1131 flos
1238 1104 1283 1130 eo
1316 1091 1359 1130 R.
1395 1091 1573 1131 montani
1612 1092 1728 1140 paulo
1758 1091 1899 1140 major.

212 1152 355 1191 Similis
388 1153 433 1192 R.
458 1153 595 1192 Huetii
617 1153 687 1191 sed
714 1153 896 1192 omnibus
919 1152 1096 1202 partibus
1119 1152 1240 1191 multo
1263 1152 1402 1202 major.

285 1315 346 1357 R.
388 1314 622 1365 Fenzlii‚
663 1313 887 1370 subpatule
918 1311 1300 1366 sericeo-villosus,
1331 1311 1566 1354 rhizomate
1599 1324 1832 1368 praemorso
1861 1311 1906 1353 fi-

212 1372 349 1415 brillis
376 1372 507 1415 dense
543 1372 715 1425 vestito,
745 1372 864 1415 caule
898 1370 976 1414 1-2
1008 1370 1142 1425 floro,
1171 1370 1283 1414 soliis
1323 1370 1572 1414 orbiculatis
1614 1369 1905 1427 subpinnatim

212 1430 393 1474 triseetis
420 1437 640 1487 segmento
668 1431 810 1474 medio
827 1429 1015 1473 breviter
1050 1429 1300 1488 petiolulato
1337 1429 1539 1473 omnibus
1572 1429 1615 1471 in
1648 1428 1823 1472 lacinias
1857 1429 1906 1470 li-

211 1489 555 1532 neari-cuneatas
582 1489 700 1547 apice
729 1489 991 1532 acutiuscule
1017 1486 1097 1532 35
1123 1488 1318 1532 dentatas
1343 1487 1528 1546 partitis,
1559 1487 1712 1545 sepalis
1731 1487 1904 1540 villosis,

211 1548 407 1605 earpellis
434 1548 592 1605 glabris
634 1548 876 1591 semiovatis
917 1547 1133 1604 margine‘
1148 1547 1386 1591 nervulosis
1414 1546 1530 1590 diseo
1564 1546 1740 1590 laevibus
1767 1552 1907 1589 rostro

211 1606 448 1650 circinnate
483 1606 543 1650 eis
586 1606 766 1650 dimidio
803 1605 990 1650 breviori
1023 1605 1236 1664 superatis
1279 1614 1338 1656 26.
1386 1605 1437 1648 R.
1485 1605 1755 1649 lasiostemon
1782 1605 1907 1648 Fenzl

213 1665 364 1722 Pugill.
396 1674 444 1708 n⁰
473 1665 543 1709 49.

271 1736 373 1774 Hab.
400 1736 439 1774 in
466 1767 482 1772 ‚a
502 1739 591 1774 onte
618 1736 820 1786 Devetepe
845 1735 968 1774 Tauri
991 1732 1142 1775 Cilicici
1166 1734 1261 1786 (Ky.
1289 1746 1368 1772 exs.
1398 1733 1454 1774 10
1472 1733 1480 1773 Σ
1497 1732 1526 1785 ),
1564 1735 1601 1772 in
1633 1746 1782 1772 summo
1807 1734 1906 1783 jugo

210 1795 397 1834 Tchosch
435 1795 551 1844 Dagh
586 1795 734 1834 Ciliciae
769 1795 955 1834 Kurdieae
995 1795 1047 1833 ad
1087 1795 1197 1833 nives
1234 1796 1300 1833 alt.
1346 1792 1483 1834 7500'
1523 1794 1625 1844 (Ky.
1661 1805 1744 1833 exs.
1791 1792 1907 1834 1859

211 1860 256 1893 n⁰
281 1852 392 1893 107!
430 1856 501 1894 sub
527 1855 570 1894 R.
598 1855 882 1905 napellz'folio.).
908 1854 968 1893 Fl.
993 1858 1076 1894 aest.

272 1923 413 1960 Planta
437 1921 598 1962 Ciliciea
622 1923 774 1971 pedalis
812 1922 924 1961 caule
958 1921 1110 1961 fureato
1133 1921 1284 1970 bifloro‚
1311 1921 1488 1959 Kurdica
1514 1921 1787 1970 semipedalis,
1814 1920 1909 1958 folia

212 1985 252 2020 ut
284 1982 322 2019 in
346 1981 390 2020 R.
414 1982 658 2032 napellisolio
680 1982 806 2020 divisa
830 1981 900 2020 sed
917 1981 1069 2020 laciniae
1086 1993 1162 2019 non
1188 1985 1353 2029 anguste
1376 1981 1546 2018 lineares
1572 1991 1705 2018 verum
1727 1981 1777 2018 ab
1796 1979 1908 2029 apice

211 2042 341 2080 latiori
366 2040 457 2092 (2-5
483 2043 549 2081 lin,
589 2042 688 2091 lato)
716 2042 767 2079 ad
804 2041 916 2080 basin
951 2053 1076 2091 usque
1111 2044 1334 2079 attenuatae.
1360 2041 1579 2078 Filamenta
1619 2040 1657 2077 in
1695 2040 1908 2088 specimine

213 2102 356 2140 montis
379 2102 582 2151 Devetepe
609 2102 793 2139 villosula
817 2101 888 2139 sed
920 2101 959 2138 in
994 2101 1108 2140 cultis
1146 2112 1194 2138 ex
1232 2101 1369 2139 eodem
1401 2101 1489 2138 loeo
1523 2104 1561 2138 et
1602 2100 1640 2137 in
1679 2101 1908 2148 spontaneis

212 2160 398 2200 Kurdicis
429 2162 669 2211 glaberrima
693 2161 796 2199 unde
819 2161 922 2210 pilos
945 2161 1154 2199 abnormes
1179 2172 1266 2199 esse
1293 2164 1462 2198 autumo.

283 2314 343 2356 R.
393 2314 750 2358 Caucasicus
793 2311 896 2369 (ΜΒ.
938 2312 1065 2356 Taur.
1101 2312 1224 2355 Caue.
1271 2313 1322 2355 ll.
1368 2327 1412 2369 p.
1450 2311 1526 2369 ⁹27)
1569 2312 1910 2368 adpressiuscule

214 2371 379 2425 hirtus,
409 2371 645 2415 rhize'mate
687 2368 924 2428 praemorso
958 2371 1078 2428 apice
1105 2370 1334 2423 fibrilloso,
1377 2370 1489 2414 foliis
1530 2372 1653 2427 long-0
1697 2370 1909 2427 petiolatis

215 2429 376 2473 ambitu
405 2430 537 2474 ovatis
564 2430 750 2474 triseetis
775 2429 1008 2487 segmentis
1036 2429 1283 2473 lateralibus
1310 2429 1523 2486 bipartitis
1551 2428 1806 2472 intermedio
1833 2444 1907 2487 pe-

216 2488 406 2532 tiolulale
435 2489 646 2545 tripartito
673 2490 737 2531 vel
765 2489 939 2532 triseeto
972 2488 1140 2532 laciniis
1172 2488 1303 2531 ovatis
1336 2488 1482 2531 incisis
1518 2488 1781 2531 acutiuseule
1808 2489 1909 2531 den-

216 2546 328 2599 tatis,
359 2548 478 2590 caule
505 2561 686 2604 procero
718 2546 792 2590 3-5
828 2547 953 2600 floro,
982 2547 1135 2604 sepalis
1163 2547 1363 2599 hirsutis,
1393 2546 1589 2603 carpellis
1618 2546 1777 2602 glabris
1806 2547 1907 2590 sub-

216 2606 474 2662 eompressis
501 2606 743 2649 semiovatis
770 2606 910 2648 nervis
937 2605 963 2648 ⁹2
991 2605 1204 2662 parallelis
1234 2605 1353 2661 juxta
1386 2604 1624 2661 marginem
1658 2605 1907 2648 interiorem

217 2671 257 2706 et
284 2664 408 2707 tertio
436 2680 459 2708 a
487 2665 681 2720 margine
709 2664 910 2707 exteriori
937 2664 1241 2707 remotiuseulo
1268 2663 1485 2720 percursis
1514 2671 1651 2706 rostro
1688 2663 1806 2706 brevi
1833 2678 1908 2706 un-

216 2721 356 2766 cinato
383 2723 562 2780 abrupte
590 2723 829 2766 terminatis
866 2730 903 2773 36
919 2757 927 2765 .

276 2795 377 2833 Hah.
403 2795 439 2831 in
465 2795 638 2833 herbidis
664 2795 805 2842 alpinis
829 2795 985 2832 Tauriae
1007 2793 1169 2844 (stem),
1195 2792 1359 2832 Caucasi
1394 2792 1529 2845 (MR),
1557 2792 1736 2841 Georgiae
1762 2792 1907 2832 Cauca-

218 2854 309 2892 sieae
338 2848 516 2903 (Holienl
536 2851 558 2902 ).
585 2854 644 2893 Fl.
670 2858 752 2893 aest.

276 2920 478 2970 Bipedalis
500 2921 562 2959 vel
586 2921 781 2980 humi1i0r2
808 2920 901 2959 folia
919 2920 1106 2958 inferiora
1122 2920 1369 2970 subpinnata.
1391 2919 1528 2958 Flores
1547 2920 1703 2968 magnit.
1724 2919 1768 2958 R.
1790 2921 1905 2960 acris.
