2021 3235
1029 160 1113 206 940

225 244 339 310 cavis
365 247 667 301 verruculosiS‚
689 263 821 306 cymae
849 250 1090 295 divaricalae
1117 251 1373 297 dissitissorae
1401 253 1531 296 ramis
1558 255 1813 309 verrucosiS‚
1842 257 1919 300 sso-

220 303 685 370 mbussubsessjlibus,
715 308 866 366 calycis
892 309 1034 353 ssavidi
1061 310 1198 366 glabri
1227 312 1279 354 ad
1306 310 1427 354 basin
1446 312 1588 368 partiti
1606 313 1770 357 laciniis
1788 314 1920 358 ovatis

222 362 401 416 οὺῐυειε,
422 364 571 420 petalis
590 365 750 420 glabris
776 367 971 424 oblongis
998 368 1178 423 obtusis,
1207 370 1350 413 ovario
1377 370 1525 425 glabro
1553 372 1617 414 vel
1643 372 1755 416 hirto
1773 407 1783 426 ,
1813 374 1916 430 stylo

221 420 370 476 glabro
408 429 468 470 26.
500 421 556 465 H.
590 424 906 468 tuberculatum
932 426 1044 470 Juss.
1076 427 1235 472 Deless.
1266 429 1322 471 Ie.
1356 429 1431 482 ΙΙΙ,
1462 429 1546 472 tab.
1578 429 1653 473 43.

281 492 381 530 Hab.
408 493 446 530 in
472 495 578 542 agris
601 496 756 533 incultis
781 496 948 546 AEgypti
974 493 1084 554 (Del.
1110 491 1241 538 Bove!
1272 493 1411 538 Boiss!
1448 497 1571 540 Kral!
1615 500 1721 553 εἴα).
1757 500 1915 540 Arabiae

221 555 365 599 petreae
392 551 579 604 (Schimp.
605 565 689 594 eXS.
716 554 861 607 2921),
886 557 1093 597 Palestinae
1116 559 1299 597 australis
1325 555 1506 612 (Bovei),
1531 561 1668 599 Persia
1691 561 1856 599 australi
1873 562 1912 600 in

224 610 380 649 deserto
419 612 519 651 inter
552 614 757 654 Khabbise
793 620 832 654 et
864 617 1039 655 Kerman
1081 617 1264 668 (Bgel),
1293 630 1415 667 regno
1448 619 1623 658 Mascate
1650 620 1794 671 (Auch.
1830 632 1916 658 exs.

222 666 412 724 45111).

279 736 325 790 β.
355 735 577 779 obovatum
605 736 799 792 (Hoehst.
820 739 862 781 in
884 739 942 797 ΚΥ
958 740 1015 797 pl.
1046 740 1238 797 Nubic.).
1271 740 1386 784 Folia
1407 741 1539 784 etiam
1568 742 1791 799 superiora
1817 742 1920 800 oboj

222 801 329 837 vata.
360 794 762 839 H..tuberculatum
793 797 916 841 Jaub.
948 805 989 841 et
1014 797 1083 856 Sp.
1115 799 1269 842 llluslr.
1301 799 1385 843 tab.
1418 799 1518 844 269.
1550 801 1664 844 Ruta
1691 800 1917 844 Monbretiz

223 852 309 895 Viv.
340 853 398 910 pl.
428 852 520 910 AEg.
551 854 649 897 Dec.
680 869 722 912 p.
754 855 824 900 13.

278 924 382 963 Hab.
407 925 444 962 in
470 925 638 963 desertis
663 927 762 964 inter
785 927 974 965 Kahiram
999 932 1037 966 et
1062 927 1162 966 Suez
1188 928 1320 979 (Boiss
1338 921 1346 967 Ι
1367 933 1395 976 ).

277 1009 317 1047 y.
349 987 598 1032 Arabicum.
643 987 841 1033 Pedicelli
868 990 995 1034 flores
1022 998 1239 1049 aequanles
1267 992 1330 1035 vel
1358 992 1670 1049 sublongiores.
1717 994 1773 1037 H.
1804 993 1916 1037 Ara-

222 1046 360 1090 bicum
388 1047 519 1090 Boiss.
550 1047 699 1104 Diagn.
731 1048 820 1092 Ser.
853 1050 886 1103 Ι,
915 1049 1025 1104 VIII,
1055 1064 1095 1107 p.
1130 1050 1228 1093 127.

279 1120 379 1158 Hab.
408 1120 444 1157 in
473 1120 623 1159 Arabia
647 1120 748 1160 felici
773 1120 997 1175 (Sebimpl).

280 1186 432 1225 Formae
465 1192 675 1226 occurrunt
698 1189 736 1226 in
767 1189 902 1228 Africa
934 1190 1082 1229 boreali
1118 1189 1217 1228 hanc
1253 1191 1481 1228 varietatem
1517 1203 1605 1229 eum
1637 1195 1731 1240 typo
1756 1191 1911 1241 conjun-

222 1251 372 1295 gentes.

280 1311 356 1352 Ar.
383 1318 544 1363 Geogr.
578 1315 741 1364 Algeria
766 1316 949 1365 interior,
976 1315 1110 1354 Africa
1135 1315 1363 1365 Tunetana,
1390 1315 1534 1365 Nubia,
1571 1317 1719 1355 Arabia
1750 1317 1912 1366 tropica.

281 1488 346 1532 H.
374 1489 781 1544 propinquum
814 1488 978 1546 (Spach
1005 1490 1085 1532 loe.
1117 1489 1187 1532 eit.
1219 1503 1259 1546 p.
1293 1487 1403 1545 189)
1442 1487 1624 1544 crispule
1660 1488 1914 1545 pubescenS,

223 1545 313 1588 basi
355 1546 659 1590 suffrulesoens
699 1547 1066 1601 ramosissimum,
1116 1548 1248 1591 ramis
1287 1546 1552 1591 divaricalim
1597 1546 1914 1600 ramosissimi5‚

222 1604 332 1648 foliis
360 1605 651 1664 subpeliolatis
678 1605 955 1650 inferioribus
981 1606 1172 1650 obovatis
1200 1605 1496 1663 superioribus
1522 1604 1758 1648 linearibus
1785 1605 1919 1649 aculis

222 1665 421 1709 omnibus
456 1673 503 1708 ut
538 1674 578 1708 et
612 1679 742 1723 cymae
776 1666 877 1708 laxae
913 1665 1171 1709 dissilissorae
1206 1664 1418 1722 glandulis
1445 1664 1612 1721 magnis
1639 1664 1919 1708 annularibus

221 1723 479 1777 vorrucosis,
508 1724 688 1768 floribus
715 1724 903 1768 minimis
931 1724 1167 1778 sessilibus,
1197 1724 1351 1782 calyciS
1378 1724 1429 1767 ad
1447 1723 1567 1767 basin
1596 1723 1737 1780 partiti
1765 1722 1919 1767 hirsuti

223 1782 388 1826 laciniis
415 1783 546 1826 ovatis
574 1782 724 1837 aculis,
769 1784 918 1842 petalis
959 1783 1154 1841 oblongis
1191 1783 1354 1827 obtusis
1381 1782 1558 1839 glabris,
1601 1782 1744 1826 ovario
1771 1782 1920 1839 glabro

223 1842 287 1885 vel
313 1842 426 1886 hirto
454 1843 560 1900 stylo
588 1842 736 1899 glabro
774 1851 835 1892 26.

285 1914 386 1952 Hab.
412 1914 449 1951 in
474 1914 697 1962 Babylonia
718 1926 844 1963 prope
866 1914 1030 1963 Bagdad
1048 1913 1199 1960 (Aueh.
1224 1925 1304 1951 exs.
1329 1911 1442 1954 816!
1468 1911 1579 1952 Noe'!
1597 1913 1625 1963 ).

285 1982 316 2020 A
342 1983 576 2031 praecedenti
601 1982 734 2021 forsan
761 1995 837 2021 non
862 1988 922 2021 sat
944 1983 1188 2029 distinctum,
1215 1987 1343 2020 tamen
1377 1982 1501 2030 magis
1526 1982 1830 2029 suffrutescens,
1858 1981 1912 2018 di-

227 2043 510 2081 varicatissime
532 2054 746 2092 ramosum,
778 2043 874 2081 folia
897 2043 1074 2081 acutiora
1097 2043 1271 2091 margine
1297 2053 1373 2080 non
1399 2042 1607 2090 undulata,
1632 2041 1748 2079 flores
1771 2045 1808 2079 et
1831 2052 1917 2089 eap-

227 2103 320 2140 sulae
353 2104 470 2151 paulo
506 2103 699 2150 minores,
727 2103 875 2151 ealyeis
912 2102 1063 2141 laciniae
1089 2106 1234 2153 'aeutae3
1257 2102 1458 2139 filamenta
1493 2101 1668 2150 quamvis
1696 2101 1820 2139 minus
1847 2100 1924 2139 alte

228 2163 372 2201 coalita
396 2167 524 2200 tamen
551 2162 888 2211 submonadelpha
913 2167 1014 2201 sunt.

287 2335 353 2377 H.
380 2333 800 2378 Stocksianum
836 2332 994 2386 (Boiss.
1025 2330 1174 2388 Diagn.
1207 2331 1296 2375 Ser.
1328 2331 1391 2385 ΙΙ,
1421 2331 1463 2384 Ι,
1492 2345 1531 2388 p.
1567 2330 1704 2388 117),
1743 2330 1927 2388 crispulo

228 2391 484 2448 puberulum
511 2391 723 2446 glandulis
751 2391 917 2447 magnis
943 2390 1102 2448 sparsis
1127 2389 1402 2448 patellaribus
1434 2389 1643 2443 obsitum,
1683 2388 1877 2433 caulibus
1905 2403 1927 2432 a

225 2450 315 2494 basi
344 2450 487 2494 stricte
515 2449 835 2503 ramosissimis,
865 2449 975 2493 foliis
1002 2449 1126 2492 infer.
1159 2449 1625 2505 oblongo-lanceolatis
1654 2447 1927 2491 acutiusculis

225 2509 269 2552 in
296 2509 499 2566 petiolum
528 2508 756 2552 attenuatis
790 2507 1085 2566 superioribus
1120 2507 1380 2562 linearibus,
1418 2507 1550 2566 oymis
1580 2509 1672 2550 laxe
1709 2513 1750 2550 et
1784 2506 1927 2550 stricte

226 2568 497 2621 dichotomiS,
527 2567 706 2611 floribus
734 2567 1054 2620 subsessilibUS‚
1083 2567 1237 2625 calycis
1264 2567 1315 2610 ad
1343 2566 1463 2609 basin
1491 2566 1637 2623 partiti
1662 2565 1829 2609 laciniis
1855 2566 1928 2610 ob-

227 2626 716 2683 longo-triangularibus
744 2626 879 2669 acutis
906 2625 1074 2679 oiliatis,
1105 2625 1254 2682 petalis
1281 2625 1476 2681 oblongis
1494 2625 1658 2668 obtusis
1676 2624 1720 2668 in
1737 2639 1925 2682 unguem

227 2686 472 2740 attenuatis,
501 2686 646 2729 ovario
673 2699 798 2742 parce
826 2685 1055 2742 puberulo,
1085 2685 1192 2742 stylo
1219 2685 1368 2741 glabro
1402 2691 1460 2733 26.

290 2757 391 2795 Hab.
421 2758 458 2795 in
484 2756 710 2795 Belutschia
732 2767 856 2804 prope
878 2755 1016 2793 Zalirie
1039 2753 1254 2807 (Stocksl).

292 2824 588 2873 Sesquipedale.
626 2823 935 2871 praecedentibus
959 2823 1111 2860 duobus
1133 2823 1250 2860 affine
1272 2823 1402 2860 differt
1426 2822 1623 2870 glandulis
1648 2821 1782 2870 paucis
1808 2821 1929 2869 patel-

233 2883 381 2923 laribus
404 2895 476 2923 nee
507 2884 784 2931 annularibus,
810 2883 927 2920 ramis
952 2893 1074 2931 eymae
1107 2883 1254 2921 strictis
1279 2882 1543 2928 tenuioribus,
1572 2882 1712 2931 petalis
1738 2881 1926 2930 unguitzu-

236 2944 336 2981 latis.
