2021 3235
1031 107 1118 152 472

286 202 387 240 Hab.
425 203 462 239 in
489 202 680 241 umbrosis
716 202 832 241 siccis
859 205 896 240 et
920 203 1106 241 montosis
1132 202 1313 242 Thraciae
1346 202 1397 239 ad
1432 203 1665 250 Byzantium
1693 203 1846 254 (Oadet
1872 203 1921 241 «le

228 261 464 312 Fontcnay),
491 262 609 299 totius
634 261 826 299 Anatoliae
850 273 972 311 usque
994 262 1043 300 ad
1076 261 1301 300 Armeniam
1327 261 1467 312 (Huet!
1492 261 1706 316 Calvertl)⁷
1732 263 1856 311 syriae
1878 263 1916 299 in

229 324 360 358 monte
386 320 538 365 Cassio,
565 321 714 359 Libano
740 321 789 358 ad
814 321 925 358 Eden
949 324 987 358 et
1011 322 1061 359 ad
1091 321 1337 360 Antiochiam
1363 320 1567 371 (Boissl),
1594 334 1714 370 supra
1738 322 1924 360 Sidonem

229 378 427 476 &Graium⁷
456 381 492 418 in
528 380 678 418 Tauria
703 378 800 433 (ΜΒ.
833 376 1001 433 Stevl),
1030 380 1175 419 Persiae
1208 382 1292 419 bor.
1319 392 1430 428 prov.
1466 381 1689 420 Asterabad
1716 373 1925 435 (Bungel).

265 441 288 478 l.
319 443 401 478 aest.

287 505 331 558 β.
361 503 616 559 ραῑιιτίῘΙονα.
666 502 780 546 Folia
809 502 976 546 minora
1002 502 1121 545 valde
1150 502 1426 545 condensata.
1464 503 1637 546 Racemi
1665 504 1715 546 ad
1745 502 1822 546 23
1849 503 1926 546 sso-

230 576 296 613 res
327 561 657 620 subterminales
685 561 862 605 reducti.
909 561 961 603 P.
994 560 1265 617 teleplzioicles
1300 560 1432 604 Boiss.
1469 568 1509 604 et
1536 562 1620 605 Bal.
1652 561 1802 618 Diagn.
1833 561 1922 605 Ser.

231 621 285 675 ll,
314 621 362 673 V,
404 634 434 662 Ἰ.
466 620 537 663 49.

286 635 448 721 Hab.}in
475 683 641 721 humidis
666 684 838 732 regionis
862 682 1003 731 alpinae
1019 681 1213 720 inferioris
1237 682 1379 720 montis
1405 682 1740 732 Masmeneudagh
1765 682 1920 731 Cappa-

231 744 354 781 dociae
378 740 466 795 (Bal
483 735 528 793 l).

289 802 450 851 Species
476 801 580 839 foliis
605 802 691 850 plus
724 802 899 839 minusve
934 800 1216 849 approximatis
1248 804 1285 838 et
1309 801 1508 839 diminutis
1534 802 1718 853 varians,
1743 802 1816 840 alae
1840 804 1931 850 post

230 862 409 900 anthesin
437 862 642 899 manifeste
665 864 801 910 auctae,
820 861 934 899 flores
961 860 1114 897 caerulei
1137 860 1293 898 tandem
1319 860 1549 899 albicantes.

289 920 363 960 Ar.
400 926 562 970 Geogr.
591 922 749 959 Bosnia.

289 1052 345 1094 P.
366 1050 894 1095 Hohenackeriana
915 1050 979 1106 (F.
1003 1057 1038 1092 et
1060 1050 1111 1092 M.
1137 1049 1229 1091 lnd.
1252 1048 1420 1104 Petrop.
1442 1047 1510 1101 IV,
1530 1062 1570 1105 p.
1602 1047 1677 1104 42)
1697 1047 1809 1104 pube
1829 1047 1929 1090 eris-

231 1111 328 1167 pula
356 1122 603 1161 canescens,
635 1108 909 1159 munic-aulis,
954 1108 1146 1151 caulibus
1174 1106 1325 1150 erectis
1352 1106 1555 1150 brevibus
1583 1105 1830 1162 fastigiatim
1860 1119 1930 1148 ra-

232 1168 379 1221 mosis,
411 1167 520 1210 foliis
548 1166 786 1209 carnosulis
815 1167 1011 1223 oblongis
1039 1167 1102 1209 vel
1131 1165 1328 1223 ellipticis
1356 1165 1535 1208 summis
1564 1165 1715 1217 acutis,
1746 1164 1929 1208 racemis

233 1226 451 1279 brevibus,
482 1225 635 1282 sepalis
664 1225 849 1268 externis
877 1225 1072 1281 oblongis
1100 1224 1226 1267 tertio
1252 1223 1434 1280 majore,
1464 1223 1541 1267 alis
1569 1223 1765 1281 ellipticis
1793 1224 1931 1266 corol-

233 1288 283 1329 1ae
311 1284 646 1341 subaequilongis
674 1283 763 1326 basi
793 1283 1006 1327 [rinerviis
1034 1284 1152 1327 venis
1179 1297 1265 1326 non
1293 1283 1713 1326 anastomosantibus
1731 1318 1740 1336 ‚
1780 1281 1932 1338 petalis

233 1344 481 1387 lateralibus
508 1343 653 1385 carina
680 1343 892 1399 profunde
920 1343 1135 1385 fimbriata
1161 1341 1447 1398 longioribus,
1477 1343 1651 1399 capsula
1678 1340 1813 1385 sessili
1841 1342 1931 1396 gla-

234 1404 312 1446 bra
338 1402 766 1446 obovato-obcordala
795 1409 971 1458 anguste
999 1403 1105 1444 alala
1144 1409 1203 1450 26.
1252 1401 1305 1443 P.
1336 1401 1495 1457 supina
1520 1415 1608 1444 var.
1639 1400 1934 1444 Hohenackeri

236 1463 364 1519 Rege}
391 1462 447 1518 pl.
484 1461 615 1504 Radd.
649 1461 733 1503 tab.
767 1459 807 1512 7,
838 1461 864 1502 f.
900 1460 968 1503 iz).

296 1534 398 1571 Hab.
434 1533 472 1570 in
508 1533 627 1569 aridis
664 1532 818 1570 saxosis
854 1532 1050 1570 Armeniae
1074 1532 1123 1569 ad
1148 1531 1482 1570 Nackitsebewan
1512 1530 1718 1582 (Szow3),
1754 1529 1938 1579 Georgiae

238 1593 462 1631 Caucasicae
487 1593 537 1629 ad
563 1591 835 1629 Helenendorf
855 1590 1006 1643 (Hohl),
1034 1592 1178 1629 Persia>
1200 1591 1284 1629 bor.
1309 1591 1359 1628 ad
1378 1591 1560 1627 Teheran
1591 1588 1676 1646 (Ky
1704 1602 1787 1629 exs.
1814 1588 1872 1630 62
1890 1588 1933 1639 l),

237 1654 339 1691 inter
363 1652 533 1700 Ispahan
559 1656 596 1689 et
620 1651 802 1689 Telieran
826 1652 980 1701 (Bunge
998 1648 1041 1701 1).

296 1712 436 1751 Oaules
458 1711 536 1751 25
560 1712 768 1760 pollicares
793 1711 831 1748 in
855 1712 1043 1760 cespitem
1070 1711 1231 1749 densum
1257 1709 1499 1759 fastigiatum
1527 1710 1717 1759 congesti,
1742 1709 1860 1747 flores
1879 1710 1933 1747 al-

237 1772 317 1810 bidi
342 1773 403 1809 vel
429 1772 576 1820 pallide
601 1772 726 1819 rosei,
753 1772 868 1820 calyx
902 1774 992 1819 post
1016 1770 1196 1808 anthesin
1232 1770 1347 1807 valde
1373 1774 1565 1808 accretus.
1591 1770 1731 1808 Planta
1755 1782 1779 1807 a
1803 1769 1937 1807 formis

237 1832 280 1870 P.
304 1833 454 1881 supinae
480 1835 620 1880 praeter
647 1831 740 1868 folia
763 1831 898 1869 formae
918 1831 1084 1869 diversae
1102 1830 1251 1868 alarum
1269 1829 1542 1879 angustiorum
1565 1830 1697 1868 nervis
1716 1841 1793 1867 non
1819 1840 1938 1867 anas-

238 1893 523 1930 tomosantibus
553 1903 637 1929 meo
665 1902 779 1929 sensu
806 1891 988 1939 specifice
1015 1890 1213 1928 distincta.

297 1958 342 2012 β.
374 1956 643 2000 8ίοσή8ίαηα.
686 1954 833 1998 Facies
871 1963 910 1997 et
944 1956 1087 1998 caules
1115 1954 1266 1997 breves
1293 1953 1381 2011 typi
1407 1954 1481 1997 sed
1510 1955 1587 1997 alae
1615 1959 1746 1997 ovatae
1774 1959 1814 1996 et
1840 1967 1939 2011 cap-

240 2017 333 2059 sula
360 2015 485 2059 latius
514 2021 650 2057 ovata.
684 2018 727 2056 Ρ.
759 2013 1013 2057 δίοοΙῑείαηα
1041 2012 1175 2057 Boiss.
1206 2013 1357 2069 Diagn.
1389 2012 1479 2056 Ser.
1512 2013 1566 2067 ll,
1598 2012 1631 2066 Ι,
1659 2027 1701 2070 p.
1733 2011 1804 2056 59.

299 2079 400 2117 Hab.
426 2079 464 2115 in
488 2076 717 2116 Belutschia
743 2089 866 2125 prope
892 2077 1148 2114 Pushtkhana
1174 2075 1395 2128 (Stocksl).

297 2163 338 2204 y.
359 2141 672 2184 Jahlotskicma.
706 2139 859 2196 Major,
894 2139 993 2182 folia
1020 2138 1238 2191 acutiora,
1275 2137 1433 2181 racemi
1462 2137 1664 2193 elongati.
1697 2137 1750 2180 P.
1777 2137 1940 2180 Jablot-

237 2202 392 2245 semna
420 2201 465 2243 F.
488 2207 528 2243 etv
556 2200 607 2242 M.
632 2200 673 2242 in
693 2199 814 2242 herb.
838 2197 980 2241 Fisch.
1010 2203 1055 2240 P.
1077 2198 1237 2255 supina
1263 2211 1350 2240 var.
1373 2197 1673 2240 Jablotskiana
1701 2196 1830 2252 Regel
1856 2197 1936 2239 loc.

240 2262 310 2304 cit.
344 2260 428 2302 lab.
460 2259 551 2311 Vll,
582 2259 653 2314 lig.
685 2258 754 2301 18.

302 2324 403 2361 Hab.
430 2323 467 2359 in
491 2322 628 2359 Persia
653 2322 737 2360 bor.
766 2331 888 2369 prope
914 2320 1135 2359 Asterabad
1164 2319 1391 2372 (Kareli11!).

299 2383 418 2421 Facie
457 2382 500 2421 Ρ.
528 2381 708 2431 supinam
741 2381 864 2428 magis
895 2379 1013 2417 refert
1048 2379 1118 2417 sed
1146 2381 1195 2419 ob
1216 2380 1311 2418 folia
1334 2382 1450 2418 acuta
1475 2382 1512 2417 et
1533 2379 1682 2416 alarum
1708 2389 1828 2415 venas
1855 2389 1934 2414 non

240 2447 580 2480 anastomosantes
607 2442 655 2479 asl
691 2442 733 2479 P.
763 2440 1033 2479 Hohenackerz·
1055 2440 1262 2478 referenda
1287 2439 1398 2489 cujus
1427 2439 1553 2476 forma
1575 2439 1701 2487 maj0r
1725 2442 1783 2476 est
1808 2448 1856 2475 ex
1882 2450 1944 2475 re—

241 2503 359 2551 gione
379 2502 589 2540 humidiori
614 2505 711 2540 orta.

736 2634 758 2655 ἃ
791 2633 815 2656 ³*
849 2633 1009 2672 Raeemi
1036 2644 1191 2681 semper
1211 2632 1447 2670 terminales.

240 2743 272 2795 -Χ-
304 2743 476 2792 Capsula
499 2742 743 2792 inaequaliter
767 2741 912 2780 biloba.
937 2740 1156 2778 Filamenta
1182 2740 1331 2778 inferne
1355 2738 1619 2787 monadelpha
1634 2739 1749 2787 apice
1771 2739 1944 2777 breviter

1015 2800 1153 2838 libera.

303 2926 359 2968 P.
379 2924 669 2981 pruinosa
697 2921 851 2975 (Boiss.
883 2921 1033 2977 Diagn.
1067 2920 1156 2964 Ser.
1190 2921 1243 2974 ll,
1276 2921 1306 2973 l,
1338 2934 1378 2976 p.
1410 2918 1508 2976 58),
1548 2918 1660 2976 pube
1697 2918 1811 2961 molli
1841 2917 1947 2961 eris—
