2021 3235
1001 162 1086 204 Mo

257 261 358 299 Hab.
385 261 421 298 in
458 260 613 298 saxosis
649 258 791 306 alpinis
820 257 959 294 montis
992 255 1221 304 Berytdagh
1252 253 1515 302 Cappadociae
1554 244 1786 303 (Hausskl),
1817 250 1889 288 Ar-

198 322 334 359 meniae
359 320 537 358 'Furcicae
574 310 749 366 (Tournl
780 309 905 353 Huet!
937 307 1055 353 Calv!
1089 315 1174 362 Ky.
1209 326 1291 352 exs.
1329 311 1446 353 1859
1484 312 1620 360 Suppl.
1662 308 1706 349 n⁰
1741 302 1890 361 764l),

199 380 365 419 Caucasi
397 386 436 417 et
468 391 580 427 prov.
616 375 1041 414 Transcaucasicarum
1074 373 1178 424 (ΜΒ.
1212 370 1356 424 Hohl),
1390 372 1533 409 montis
1569 370 1723 408 Elvend
1745 369 1890 407 Persiae

201 439 328 493 (Mich.
351 441 389 477 in
413 439 524 476 herb.
550 435 662 489 Dcl).

257 506 303 559 β.
332 509 643 557 stenocarpum.
676 497 904 550 numnius,
924 495 1087 539 laciniae
1115 495 1314 538 foliorum
1341 509 1452 551 saepe
1470 493 1739 550 angustiores
1758 492 1893 535 linea-

200 577 286 616 res,
315 562 497 618 capsulae
524 572 661 616 parvae
690 563 916 599 attenuatae
943 553 1342 610 oblongo-ellipticae
1360 567 1472 609 saepe
1500 553 1718 603 torulosae‚
1752 550 1894 594 discus

201 618 674 680 pyramidato-conici]s.
720 615 829 671 Pap.
874 613 1181 656 Armeniacum
1210 612 1324 654 Lam.
1355 611 1461 654 Dict.
1493 612 1526 664 Ι,
1555 625 1596 667 p.
1629 608 1729 652 247.
1760 610 1893 666 Aryc-

201 694 320 723 mone
347 677 600 721 Armeniaca
627 675 672 716 L.
704 674 823 729 Spec.
855 670 954 715 7227.
986 671 1096 727 Pap.
1115 669 1333 713 Orientale
1351 669 1629 727 hypeooifolio
1646 670 1792 725 fructu
1810 668 1894 711 mi—

200 740 317 782 nimo
344 738 504 780 Tourn.
533 734 626 777 Cor.
659 739 700 775 et
725 731 833 774 berb
857 731 864 772 l

263 808 364 848 Hab.
389 810 428 846 in
454 805 642 844 Armenia
667 802 838 840 Turcica
860 799 1075 853 (Toum),
1100 799 1261 838 Persica
1283 793 1490 850 (Buhsel),
1518 799 1658 836 Persia
1680 797 1830 836 boreali
1847 798 1898 835 ad

205 868 441 917 Seidkhodji
481 869 519 903 et
557 864 731 902 Badalan
772 873 886 910 prov.
927 859 1173 909 Aderbidjan
1212 854 1461 910 (Szow-itsl),
1496 859 1535 896 in
1572 861 1701 896 monte
1740 857 1894 894 Elvend

189 929 352 979 ·(Auch.
379 939 461 966 exs.
485 922 624 975 5701),
649 923 687 959 in
713 925 842 958 monte
862 919 954 957 Kuh
978 919 1116 957 Dae'na
1138 919 1285 957 Persiae
1310 918 1495 956 australis
1521 917 1617 968 (Ky.
1636 928 1720 955 eXS.
1748 914 1833 955 725
1851 915 1898 968 !).

266 995 474 1033 Transitus
498 989 697 1030 numerosi
721 988 770 1025 ad
808 991 943 1035 typum
979 986 1108 1035 quoad
1132 986 1364 1024 laciniarum
1400 988 1438 1022 et
1479 986 1649 1033 capsulae
1673 984 1838 1022 formam
1863 986 1902 1021 et

209 1054 513 1103 magnitudinem
539 1051 758 1089 occurrunt.
786 1045 958 1094 Capsula
991 1046 1184 1083 interdum
1216 1043 1243 1085 5
1277 1045 1402 1082 lineas
1427 1049 1574 1082 tantum
1607 1045 1738 1092 longa.
1767 1042 1900 1081 Caulis

208 1127 310 1163 saepe
331 1114 462 1162 potius
488 1110 710 1149 dichotome
735 1117 913 1144 ramosus
937 1117 1054 1153 quam
1081 1105 1367 1153 pyramidatuS.

266 1199 307 1236 y.
337 1174 691 1229 mz'crostz'qmum.
731 1168 962 1220 Humilius‚
982 1168 1123 1211 caules
1138 1181 1249 1225 saepe
1268 1167 1411 1210 stricte
1429 1166 1678 1220 dichotomi,
1698 1166 1900 1209 foliorum

208 1235 371 1280 laciniae
399 1232 681 1282 abbreviatae,
712 1228 896 1285 capsulae
933 1226 993 1269 eis
1028 1240 1117 1270 var.
1148 1229 1193 1282 β.
1224 1226 1384 1270 similes
1412 1225 1800 1283 elliptico-lineares
1827 1224 1899 1268 sed

208 1296 326 1338 disco
354 1290 677 1350 depressissime
705 1286 869 1331 conico.

267 1366 369 1403 Hab.
394 1365 432 1401 in
454 1362 650 1400 montibus
676 1359 820 1397 Persiae
851 1359 935 1396 bor.
963 1355 1206 1405 Djulfekkuh
1232 1354 1376 1406 (Auch.
1413 1367 1495 1394 exs.
1531 1352 1651 1395 4050
1672 1350 1720 1407 l),
1753 1355 1902 1393 Dema-

209 1426 311 1465 vend
336 1422 507 1475 (Bubsel
539 1421 617 1470 Ky.
635 1431 716 1458 exs.
736 1416 822 1458 647
840 1411 886 1468 !).

267 1597 325 1639 P.
357 1591 786 1641 triniaefolium,
815 1599 937 1629 secus
980 1585 1158 1642 petiolos
1202 1591 1243 1628 et.
1267 1584 1445 1628 lacinias
1472 1584 1673 1628 foliorum
1706 1584 1831 1640 longe
1859 1590 1899 1626 et

210 1652 391 1712 sparsim
420 1658 632 1701 setosum‚
665 1647 785 1690 caule
818 1644 1084 1688 divaricatim
1111 1644 1380 1701 paniculato,
1418 1643 1530 1686 foliis
1567 1643 1730 1686 ambitu
1758 1649 1901 1685 ovato-

209 1711 407 1767 oblongis
434 1711 478 1752 in
506 1707 681 1752 lacinias
710 1711 888 1761 anguste
917 1703 1100 1746 lineares
1128 1703 1277 1746 breves
1303 1702 1369 1745 bis
1394 1702 1458 1745 vel
1492 1709 1556 1745 ter
1588 1700 1900 1759 pinnatisectis‚

210 1772 348 1829 calyce
375 1769 541 1826 glabro,
570 1764 754 1822 capsulis
780 1762 940 1820 glabris
966 1761 1152 1805 breviter
1168 1761 1300 1805 ovatis
1318 1760 1435 1804 disco
1462 1760 1902 1819 pyramidato-conico

211 1831 272 1874 eis
305 1829 439 1872 multo
467 1824 704 1883 angustiori
731 1821 959 1880 superatis,
994 1820 1264 1876 stigmatibus
1290 1818 1363 1862 4-5
1389 1820 1460 1875 (2).

270 1900 371 1938 Hab.
396 1899 436 1936 in
454 1897 615 1945 regione
641 1893 773 1941 alpina
798 1890 974 1929 inferiori
997 1890 1139 1928 montis
1162 1888 1496 1938 Masmeneudagh
1525 1887 1787 1938 Cappadociae
1805 1885 1903 1941 (Bal.

212 1973 293 2000 exS.
319 1956 436 1999 1855
458 1958 529 1995 sub
552 1956 595 1993 P.
617 1953 830 1992 Caueasz‘ceo
849 1962 928 1989 var.
956 1949 1190 2000 tenuifolz'o).
1212 1949 1257 1987 F.
1282 1953 1366 1987 aest.

270 2027 305 2064 A
328 2023 640 2075 praecedentibus
658 2020 788 2058 differt
809 2017 956 2056 ambitu
975 2020 1092 2055 ovato
1107 2028 1179 2055 nec
1195 2015 1417 2054 lanceolato
1438 2015 1621 2053 foliorum
1639 2015 1759 2053 multo
1779 2014 1903 2064 magis

212 2084 582 2135 decompositorum‚
608 2079 752 2130 petalis
776 2077 991 2115 minoribus
1017 2073 1090 2115 7-8
1113 2077 1236 2114 lineas
1252 2075 1393 2125 longis.
1412 2074 1585 2124 Oapsula
1596 2074 1678 2112 fere
1695 2075 1739 2112 P.
1757 2073 1903 2113 Cauca-

211 2146 286 2186 sici
309 2148 361 2196 (V.
387 2156 419 2183 s.
446 2146 485 2182 et
508 2154 545 2180 v,
573 2138 698 2190 cult.).

282 2322 340 2365 P.
385 2315 945 2374 hyoscyamifolium
987 2312 1124 2369 (Boiss
1173 2318 1214 2354 et
1253 2311 1498 2367 Haussknl>
1526 2312 1742 2368 glaucum,
1785 2311 1904 2354 caule

212 2394 356 2424 crasso
391 2376 650 2434 rigidissime
691 2372 960 2431 thyrsoideo,
997 2370 1107 2414 foliis
1149 2370 1350 2413 brevibus
1393 2370 1681 2414 subcoriaceis
1723 2369 1904 2427 sparsim

212 2438 364 2483 setosis
390 2431 847 2492 oblongo-lanceolatis
873 2431 915 2473 in
949 2429 1070 2473 lobos
1114 2429 1399 2485 triangulares
1440 2429 1590 2472 breves
1631 2443 1758 2486 parce
1800 2429 1905 2472 den-

214 2504 321 2541 tatos
347 2492 707 2554 pinnatipartitis,
737 2490 949 2535 alabastro
987 2494 1132 2541 ovato,
1163 2489 1302 2546 calyce
1345 2489 1488 2544 patule
1531 2488 1724 2544 hispido,
1753 2487 1905 2545 petalis

214 2553 527 2606 mediocribus,
566 2552 739 2609 capsula
778 2548 924 2606 glabra
961 2546 1146 2602 oblonga
1184 2546 1385 2603 angulata
1421 2546 1541 2603 apice
1578 2547 1757 2604 abrupte
1800 2553 1906 2589 atte-

213 2617 344 2658 nuata
369 2612 486 2656 disco
528 2623 712 2654 convexo
739 2607 811 2652 4-5
844 2606 941 2650 lobo
969 2604 1060 2662 ejus
1087 2605 1310 2648 latitudine
1338 2605 1576 2661 angustiori
1605 2607 1805 2662 superata
1832 2606 1902 2661 Q).

271 2686 374 2724 Hab.
398 2685 436 2721 in
460 2683 650 2721 cretaceis
677 2680 813 2719 calidis
838 2679 904 2716 alt.
934 2673 1214 2716 moa-2000·
1246 2687 1372 2725 prope
1396 2669 1599 2726 Biredjik,
1627 2681 1665 2714 et
1700 2676 1749 2714 ad
1781 2675 1906 2723 Aspa-

215 2746 302 2784 drul
325 2754 449 2794 prope
474 2742 620 2780 Aintab
645 2740 768 2790 Syriae
785 2735 1049 2794 (Haussknl).

273 2815 414 2852 Planta
445 2807 578 2864 1-11]2
603 2810 757 2859 pedalis
781 2821 804 2846 a
827 2807 872 2846 P.
898 2805 1109 2845 Caucasico
1144 2805 1249 2843 foliis
1276 2804 1463 2843 brevibus
1500 2804 1639 2852 rigidis
1678 2803 1909 2853 simpliciter

215 2873 401 2924 pinnatis,
426 2871 597 2920 capsulis
612 2869 771 2908 brevius
786 2866 1062 2917 pedunculatis
1086 2865 1282 2904 distincta.
1309 2862 1489 2912 Capsulae
1512 2862 1588 2904 6-7
1614 2864 1737 2903 lineas
1761 2864 1904 2913 longae.

216 2934 330 2973 Folia
352 2929 428 2971 ‘25
451 2929 668 2980 pollicaria.
