2021 3235
1035 106 1121 151 234

232 196 527 251 superioribus
555 212 576 240 e
603 199 693 241 basi
721 199 856 242 sessili
883 200 966 243 late
994 201 1249 244 subeordata
1274 202 1338 243 vel
1365 204 1563 244 truncata
1595 201 1788 257 oblongis
1816 215 1917 244 acu-

231 252 306 306 tis,
335 255 543 310 pedicello
571 257 689 299 tenui
718 259 860 315 calyce
882 259 1017 316 duplo
1045 259 1244 316 longiori,
1274 260 1510 316 petalorum
1551 273 1695 316 ungue
1730 259 1916 302 breviter

229 318 394 355 exserto
423 314 579 358 lamina
606 316 808 371 obovata,
837 317 981 360 ovario
1008 317 1265 374 glaberrimo
1274 352 1378 360 ......
1410 319 1479 374 ΕΖ).

289 382 390 421 Hab.
416 384 454 420 in
477 384 662 422 Armenia
687 386 787 423 inter
810 386 895 423 Van
920 390 958 424 et
982 387 1104 425 Isehri
1132 385 1290 439 (Noe2).

289 439 458 480 Gracilis
481 450 523 480 ut
546 445 771 491 praecedens
805 445 874 483 sed
905 446 1043 494 glabra.
1064 450 1101 484 et
1124 447 1220 485 folia
1243 446 1427 484 inferiora
1451 458 1527 484 non
1553 447 1774 495 runcinata,
1802 445 1916 484 radix

229 500 706 550 cylindrieo-napiformis.

287 566 447 615 Species
465 569 608 617 siliqua
622 569 757 617 ignota
781 570 911 609 dubia.

285 713 350 755 H.
384 713 750 769 thyrsoidea,
780 716 892 771 pube
910 715 1161 759 brevissima
1187 717 1455 772 glandulosa,
1485 719 1604 761 caule
1622 732 1767 762 crasso
1785 733 1809 761 a
1826 719 1914 762 basi

228 770 519 815 ramosissimo
549 772 811 829 thyrsoideo,
841 774 951 817 foliis
981 774 1091 832 pube
1121 778 1288 818 ramosa
1321 776 1468 819 obsitis
1497 777 1754 820 radicalibus
1782 777 1915 833 petio-

224 828 319 871 latis
347 829 540 886 oblongis
567 830 837 876 denticulatis
866 833 1163 890 superioribus
1190 847 1213 875 a
1245 834 1335 876 basi
1372 835 1629 878 subcordata
1662 836 1725 878 vel
1767 844 1915 879 rotun—

225 887 322 930 data
349 888 619 942 acuminatis,
648 891 888 946 petalorum
915 905 1059 948 ungue
1086 891 1336 935 subexserto
1364 893 1522 936 lamina
1550 896 1764 950 purpurea
1793 894 1913 951 ellip-

225 944 539 1002 tieo-oblonga,
576 948 791 1004 pedicellis
833 949 1064 993 fructiferis
1107 951 1496 1005 arcuato-reflexis,
1526 952 1690 1009 siliquis
1717 953 1913 1009 pendulis

224 1005 708 1059 glanduloso-scabridis
746 1008 951 1051 contortis
987 1008 1180 1064 margine
1214 1009 1416 1067 utrinque
1446 1010 1615 1053 sulcatis
1644 1018 1685 1053 et
1715 1011 1912 1054 denticu-

224 1062 317 1106 latis
344 1063 456 1106 inter
483 1064 646 1107 semina
665 1073 829 1108 remota
855 1066 1339 1123 gibbose-prominentia
1367 1068 1646 1125 complanatis
1664 1070 1733 1124 Θ.

284 1135 388 1174 Hab.
412 1136 449 1173 in
481 1137 724 1185 rupestribus
751 1137 919 1176 faucium
936 1150 1059 1187 prope
1083 1139 1251 1176 Baibout
1269 1138 1463 1177 Armeniae
1485 1139 1695 1190 (Bourgl),
1721 1140 1758 1177 in
1785 1144 1913 1178 monte

224 1195 452 1245 Berytdagh
481 1195 681 1234 Cataoniae
707 1195 882 1247 (Haussk
899 1190 944 1247 l).

282 1264 355 1301 Vix
381 1265 533 1312 pedalis
550 1295 558 1310 ‚
585 1264 679 1302 folia
703 1265 892 1303 radicalia
928 1266 991 1302 vix
1027 1265 1295 1314 bipolliearia,
1322 1267 1419 1304 rami
1447 1268 1573 1306 crebri
1610 1269 1909 1317 erecto-patuli,

223 1325 366 1362 racemi
392 1322 471 1363 4-5
497 1324 722 1373 pollicares,
746 1324 864 1362 flores
891 1326 946 1362 eis
970 1325 1017 1362 H.
1043 1326 1272 1363 matronalis
1302 1327 1418 1374 paulo
1444 1327 1628 1376 minores,
1655 1328 1804 1377 siliquae
1829 1340 1910 1366 cre-

221 1385 301 1421 brae
326 1385 672 1432 sesquipollicares
699 1388 738 1421 et
760 1384 959 1432 longiores
985 1386 1053 1422 sed
1079 1390 1278 1435 contortae,
1310 1386 1484 1434 margine
1506 1386 1555 1424 ad
1579 1387 1727 1425 semina
1749 1399 1908 1436 praeser-

222 1444 286 1480 tim
308 1444 683 1481 undulnto-(lentatae
707 1444 808 1481 inter
834 1443 984 1481 semina
1008 1445 1350 1494 substrangulatae,
1377 1446 1524 1482 semina
1550 1444 1640 1486 5-4.

659 1594 678 1649 ἐ
711 1593 751 1636 2.
790 1594 1026 1639 Lividae.
1046 1622 1103 1626 —
1134 1595 1284 1638 Petale
1319 1596 1467 1638 livida.

425 1731 446 1753 ἕ
481 1732 731 1773 Macrantliae.
758 1734 896 1772 Flores
921 1735 1079 1783 magnit.
1106 1735 1152 1772 H.
1179 1735 1410 1773 matronalis
1431 1736 1492 1772 vel
1518 1735 1698 1784 majores.

863 1832 889 1882 †
922 1833 1079 1883 Siliquae
1103 1838 1256 1873 erectae.

270 1955 335 1996 H.
369 1955 569 1998 tristis
589 1954 650 2010 (L.
673 1954 743 2010 Sp.
775 1952 880 2010 9027)
910 1954 1051 2010 patule
1079 1954 1261 2003 hirsuta,
1282 1953 1392 1995 soliis
1427 1952 1603 2008 integris
1631 1953 1693 1994 vel
1713 1952 1905 1994 subden—

214 2011 310 2054 tatis
338 2012 529 2055 inferior.
568 2012 779 2069 petiolatis
820 2012 952 2055 ovatis
995 2011 1175 2055 caulinis
1202 2011 1476 2064 lanceolatis,
1510 2010 1719 2067 pedicello
1762 2011 1905 2068 calyce

216 2070 398 2126 longiori
426 2071 646 2114 fructifero
664 2071 915 2124 incrassato,
946 2071 1069 2127 pelali
1096 2069 1255 2113 lamina
1280 2070 1703 2121 lineari—lanceolata,
1740 2068 1905 2125 siliquis

215 2129 374 2183 glabris
402 2129 663 2186 longissimis
690 2129 946 2186 compressis
974 2130 1025 2172 ad
1053 2129 1216 2172 semina
1246 2128 1444 2172 torulosis
1482 2136 1542 2176 26.
1568 2128 1701 2170 Rchb.
1722 2127 1748 2170 f.
1772 2127 1899 2171 4374.

219 2186 361 2230 Claeessr.
400 2188 659 2231 lauceolatus
686 2188 830 2231 Willd.
861 2188 930 2245 Sp.
962 2188 1035 2241 ΙΙΙ,
1066 2203 1106 2245 p.
1128 2187 1228 2230 515.

273 2259 375 2298 Hab.
401 2260 439 2297 in
456 2260 603 2298 Tauria.
625 2260 778 2311 (Stev.).

274 2327 349 2366 Ar.
383 2327 547 2378 Geogr.
585 2328 797 2366 Germania
819 2328 1187 2377 austro-orientalis,
1213 2327 1427 2375 Pannonia,
1455 2326 1596 2364 Rossia
1619 2326 1813 2364 australis.

271 2485 336 2527 H.
370 2482 879 2539 pulmonarioides
908 2481 1059 2537 (Boiss.
1091 2482 1198 2524 Ann.
1227 2480 1291 2524 Sc.
1324 2481 1417 2524 Nat.
1454 2480 1578 2533 1042,
1610 2495 1650 2537 p.
1682 2479 1755 2536 68)
1792 2480 1900 2537 pube

213 2542 376 2585 minuta
418 2541 666 2596 glandulosil
696 2540 877 2597 pilisque
910 2540 1063 2597 patulis
1091 2539 1289 2583 scariosis
1317 2539 1479 2592 obsita,
1523 2539 1633 2582 foliis
1674 2539 1898 2594 oblongis,

212 2599 392 2643 caulinis
421 2606 461 2641 ct
488 2599 707 2641 floralibus
725 2599 815 2642 basi
843 2598 1221 2656 amplexicaulibus
1249 2597 1717 2654 triangulari-oblongis
1744 2597 1897 2648 acutis,

211 2658 426 2715 pedicellis
453 2657 585 2715 calyci
614 2657 866 2714 aequilongis
896 2664 988 2714 post
1015 2657 1211 2701 anthesin
1242 2656 1620 2714 patulo-curvatis,
1660 2656 1898 2713 petalorum

210 2716 380 2760 laminis
411 2715 877 2771 oblongo-linearibus,
909 2715 1073 2773 siliquis
1108 2716 1310 2771 glabratis
1346 2715 1652 2772 quadrangulis
1697 2714 1900 2770 pedicello

211 2776 447 2818 incrassato
474 2774 681 2831 aequilatis
719 2782 779 2823 26.
802 2774 858 2816 H.
881 2774 1062 2830 Syriaca
1082 2775 1229 2817 Rauvv.
1265 2774 1334 2818 Or.
1368 2787 1462 2830 pag.
1486 2772 1540 2815 74
1567 2788 1662 2816 cum
1691 2774 1816 2816 Icone
1836 2787 1898 2815 ex-

211 2835 328 2876 cluso
356 2847 521 2890 synom.
556 2832 811 2875 Cheimntlzi
843 2833 1017 2888 Syriaci
1045 2846 1111 2876 Dc.
1144 2832 1395 2890 Syst.—H.
1431 2833 1736 2890 quadranyula
1764 2830 1894 2874 Boiss.

210 2892 318 2935 Ann.
349 2891 414 2934 Sc.
447 2892 539 2935 Nat.
572 2890 708 2944 1842,
739 2904 778 2947 p.
811 2890 881 2934 67.
