2021 3235
996 123 1080 169 760

191 306 222 358 †
250 306 282 358 †
313 307 488 345 Bracteae
510 305 681 343 lineares
704 308 850 344 teretes
872 305 934 342 vel
959 305 1205 343 semiteretes
1227 305 1266 342 in
1291 304 1534 342 involucrum
1549 303 1887 352 hemisphaericum

399 363 764 464 {otgtgagltssgeerectae
796 364 858 403 vel
892 366 1086 413 patentes.
1113 363 1237 414 Calyx
1270 363 1464 414 profunde
1487 361 1516 404 5
1538 363 1668 403 lobus.
1694 363 1889 403 Placentae

361 576 399 604 a.
424 565 602 603 Bracteae
627 563 712 603 basi
737 575 814 601 non
836 562 1022 602 dilatatae.
1048 562 1205 612 Calycis
1222 564 1302 602 lobi
1327 564 1413 602 basi
1437 575 1515 602 non
1539 563 1705 602 cordati.

250 695 312 738 R.
339 692 584 738 hirtella
617 691 759 747 (Jaub.
800 698 841 734 et
871 690 941 748 Sp.
982 691 1139 734 Illustr.
1179 691 1237 748 pl.
1266 690 1337 735 Or.
1369 691 1455 746 ΙΙΙ,
1483 705 1525 748 p.
1555 690 1634 745 54,
1668 692 1755 735 tab.
1787 690 1889 749 244)

189 752 378 804 hirtella,
407 749 538 794 ramis
566 749 737 803 erectis,
756 749 868 793 soliis
895 749 1211 793 semiteretibus
1238 764 1262 793 a
1288 749 1380 793 basi
1408 749 1664 794 subcordata
1689 749 1891 807 oblongo-

186 810 425 855 linearibus
453 808 617 853 obtusis
645 809 911 852 ramulorum
939 807 1178 852 axillarium
1206 808 1549 862 confertissimis,
1576 808 1756 852 floribus
1774 822 1889 853 race-

187 867 596 926 moso-paniculatis
623 867 868 910 lateralibus
895 866 1147 911 brevissime
1173 867 1471 923 pedunculatis
1488 902 1498 920 ‚
1535 867 1720 911 bracteis
1744 868 1888 912 densis

186 927 387 973 brevibus
413 926 577 970 obtusis
604 926 927 982 erecto-patulis
955 926 1110 983 calycis
1126 925 1279 969 tubum
1297 926 1584 983 aequantibus,
1613 926 1765 984 calycis
1783 926 1890 970 lobis

188 985 384 1042 oblongis
410 986 454 1029 in
481 984 747 1029 corniculum
775 984 1078 1028 brevissimum
1105 984 1303 1028 obtusum
1331 985 1584 1039 attenuatis,
1614 985 1763 1042 petalis
1790 985 1892 1029 sub-

188 1044 522 1103 inaequilateris,
557 1043 785 1087 filamentis
827 1050 946 1101 parte
974 1043 1148 1087 dilatata
1174 1043 1558 1088 cremato-dentatis
1585 1052 1623 1094 5.
1653 1044 1705 1087 R.
1734 1045 1891 1088 vermi-

188 1105 333 1148 culata
360 1103 405 1146 L.
438 1102 507 1160 Sp.
542 1100 627 1145 754
654 1109 695 1146 et
721 1109 834 1146 auct.
866 1116 915 1146 ex
940 1110 1076 1160 parte.

248 1175 350 1213 Hab.
376 1174 414 1211 in
451 1173 630 1212 arenosis
655 1173 772 1211 salsis
797 1171 965 1223 AEgypti
998 1170 1150 1226 (Lippi,
1177 1172 1312 1212 Auch!
1339 1173 1454 1211 Boiss
1470 1170 1505 1224 l)
1523 1203 1533 1223 ‚
1561 1172 1720 1211 Arabiae
1743 1176 1889 1222 petreae

190 1235 244 1273 ad
269 1233 375 1272 Sinai
399 1230 551 1284 (Bovel
579 1232 754 1283 Schimp.
782 1243 864 1271 exs.
889 1230 1039 1287 2721).
1062 1232 1122 1270 Fl.
1146 1233 1226 1271 Jul.

249 1302 363 1340 Folia
385 1301 537 1351 majora
557 1299 634 1342 4-6
656 1301 781 1340 lineas
804 1301 939 1351 longa,
962 1301 1094 1350 petala
1109 1300 1255 1350 albida,
1281 1312 1414 1339 semen
1436 1300 1550 1349 apice
1574 1300 1612 1338 in
1631 1300 1893 1349 appendicem

197 1363 394 1401 clavatam
424 1362 601 1409 glabram
626 1360 873 1410 productum.

253 1534 315 1577 R.
342 1535 697 1577 mucronata
729 1532 870 1587 (lauh.
911 1539 951 1575 et
985 1531 1054 1589 Sp.
1092 1532 1154 1575 nl.
1192 1532 1248 1588 pl.
1278 1531 1350 1575 Or.
1382 1531 1462 1584 111,
1498 1546 1538 1589 p.
1569 1531 1643 1586 57,
1672 1533 1757 1577 tab.
1787 1533 1892 1592 245)

195 1592 363 1648 glabra,
393 1590 706 1643 ramis-erectis
732 1591 795 1634 vel
822 1589 1005 1643 diffusis,
1033 1589 1145 1633 soliis
1172 1589 1488 1634 semiteretibus
1514 1591 1701 1635 breviter
1726 1592 1896 1637 lineari-

196 1651 276 1695 bus
303 1648 576 1694 acutiusculis
605 1650 871 1693 ramulorum
897 1648 1240 1702 confertissimis,
1269 1648 1447 1693 floribus
1465 1649 1762 1707 irregulariter
1779 1651 1896 1708 pani-

197 1709 346 1753 culatis
372 1709 435 1752 vel
463 1708 762 1752 terminalibus
789 1707 1014 1761 solitariis,
1048 1707 1232 1751 bracteis
1264 1707 1406 1751 densis
1440 1709 1705 1753 mucronatis
1732 1718 1895 1754 erecto-

196 1768 352 1826 patulis
398 1767 577 1812 summis
625 1768 808 1825 calycem
855 1766 1232 1824 subaequantibus,
1275 1767 1426 1825 calycis
1467 1767 1577 1811 lobis
1616 1768 1811 1826 oblongis
1852 1769 1896 1813 in

197 1827 464 1871 corniculum
490 1825 552 1870 eis
578 1826 749 1870 brevius
775 1832 1075 1870 mucronatum
1104 1825 1378 1878 abeuntibus,
1406 1826 1556 1882 petalis
1589 1827 1895 1886 subinaequila-

198 1885 317 1939 teris,
346 1884 574 1928 filamentis
600 1884 691 1928 basi
719 1884 900 1942 integris
936 1892 973 1935 5.
1009 1883 1060 1927 R.
1091 1885 1373 1928 vermiculata
1405 1885 1448 1927 L.
1488 1884 1557 1943 Sp.
1590 1885 1676 1929 754
1707 1895 1748 1931 et
1779 1894 1890 1931 auct.

199 1959 246 1988 ex
274 1951 410 2002 parte.
442 1944 493 1987 R.
524 1944 795 2001 stenophylla
820 1943 945 1987 Jaub.
977 1950 1018 1987 et
1044 1942 1114 2000 Sp.
1147 1943 1217 1999 (ex
1242 1942 1356 1986 Coss.
1388 1950 1429 1987 et
1455 1943 1610 2002 Kral.).

257 2034 360 2073 Hab.
382 2034 422 2072 in
446 2033 562 2072 salsis
583 2033 749 2082 AEgxpti
774 2033 825 2072 ad
849 2032 1129 2072 Alexandriam
1146 2028 1255 2085 (Del.
1277 2027 1415 2072 Auch!
1444 2032 1569 2072 Oadet
1591 2034 1639 2073 de
1664 2033 1894 2083 Fontenay!

199 2094 369 2133 Samarit
385 2092 426 2144 l).
451 2093 512 2131 Fl.
537 2093 747 2142 Jul.-Sept.

258 2160 377 2198 Facie
401 2162 441 2197 et
461 2160 564 2198 notis
585 2160 821 2208 praecedenti
846 2159 962 2198 valde
988 2158 1115 2197 affinis
1141 2158 1271 2197 differt
1304 2158 1505 2208 glabritie,
1533 2159 1706 2199 bracteis
1733 2163 1773 2198 et
1796 2161 1898 2199 lobis

200 2220 347 2269 calycis
369 2219 627 2267 mucromtis,
660 2219 868 2257 filamentis
890 2219 977 2258 basi
998 2230 1075 2256 non
1105 2218 1289 2257 dentatis.
1328 2218 1465 2256 Petala
1489 2219 1644 2269 albida,
1684 2219 1834 2257 semina
1855 2222 1899 2259 ut

200 2281 238 2317 in
261 2278 523 2329 praecedente.

259 2346 332 2388 Ar.
364 2351 523 2397 (ἔθος-τ,
559 2347 729 2386 Deserta
752 2346 897 2386 Africae
918 2346 1104 2386 borealis.

259 2520 318 2562 R.
345 2519 671 2563 Palaestina
701 2517 858 2574 (Boiss.
894 2518 1043 2574 Diagn.
1074 2517 1163 2561 Ser.
1195 2518 1237 2571 Ι,
1275 2518 1333 2571 X,
1369 2532 1410 2575 p.
1448 2517 1531 2574 10)
1573 2517 1704 2561 ramis
1743 2517 1897 2562 albidis

202 2577 388 2621 breviter
437 2576 771 2633 pubescentibus
822 2576 1120 2633 irregulariter
1168 2575 1692 2642 racemoso-paniculatis
1712 2611 1722 2629 ‚
1784 2576 1897 2620 foliis

200 2635 517 2679 semiteretibus
547 2642 727 2691 anguste
752 2634 988 2678 linearibus
1014 2634 1178 2678 obtusis
1204 2634 1296 2678 basi
1324 2641 1506 2689 retusis,
1540 2634 1786 2678 axillaribus
1812 2635 1896 2678 fas-

200 2693 393 2737 ciculatis
419 2693 646 2746 brevibus,
683 2693 864 2737 floribus
896 2692 1083 2741 breviter
1114 2693 1436 2750 pedunculatis,
1474 2693 1657 2737 bracteis
1693 2693 1804 2737 foliis
1838 2693 1894 2737 si-

200 2751 373 2795 milibus
399 2752 501 2795 laxis
538 2765 766 2809 squarrose
798 2751 1044 2809 patentibus
1078 2752 1219 2808 calyce
1259 2751 1553 2807 longioribus,
1596 2751 1746 2809 calycis
1786 2752 1898 2795 ultra

199 2811 389 2854 medium
424 2810 554 2854 lobati
587 2810 753 2854 laciniis
789 2809 1312 2867 triangulari-lanceolatis
1337 2809 1382 2853 in
1401 2810 1670 2854 corniculum
1696 2810 1897 2853 obtusum

200 2869 261 2912 eis
287 2868 461 2912 brevius
488 2868 733 2922 attenuatis,
793 2868 913 2912 etalis
941 2868 1138 2925 ellipticis
1164 2867 1554 2925 subinaequilateris
1570 2868 1712 2926 calyce
1732 2868 1896 2925 „esqui-

198 2926 484 2984 longioribus,
513 2927 742 2972 filamentis
799 2926 861 2971 asi
889 2926 1061 2971 dilatata
1087 2940 1175 2972 non
1201 2926 1384 2971 dentatis
1411 2934 1447 2976 5.
