2021 3235
904 143 989 188 189

167 237 413 286 Semipedale
437 238 498 275 vel
531 237 733 287 humilius,
766 239 960 286 glandulae
992 240 1160 288 placent.
1196 240 1349 279 minutae
1387 244 1597 292 truncatae,
1633 244 1782 293 siliquae

108 296 274 338 6-91in.
310 297 450 346 longae,
475 297 619 345 stigma
642 297 786 346 siliqua
818 298 1110 347 subaugustius,
1134 300 1355 347 aequilatum
1388 301 1450 339 vel
1484 302 1599 340 latius
1634 305 1784 342 subcla-

110 360 252 396 vatum.

166 422 241 464 Ar.
274 422 436 474 Geogr.
470 423 677 472 Songaria.
703 423 846 462 Sibiria
866 423 1039 463 Altaica.

165 569 220 612 E.
247 569 740 612 Perowskianum
758 567 824 624 (F.
855 576 896 611 et
922 569 975 611 M.
1008 568 1128 612 Linn.
1159 569 1248 612 ΧΠ.
1276 568 1355 611 Lit.
1378 568 1481 626 150)
1500 569 1659 625 virens,
1678 572 1789 628 pube

106 625 306 683 bipartita
332 626 383 669 ad
411 625 585 683 siliquas
610 625 706 683 pilis
731 626 880 684 paucis
906 625 985 670 3-4
1011 627 1106 670 fidis
1134 626 1262 670 mixta
1289 627 1493 681 obsitum,
1513 630 1633 672 caule
1660 631 1785 683 elato,

106 684 217 728 foliis
262 683 455 739 oblongis
492 683 626 727 acutis
667 690 816 741 argute
858 685 1152 738 denticulatis,
1187 685 1368 729 floribus
1404 686 1596 742 magnis,
1626 687 1789 745 siliquis

105 743 242 799 longis
277 742 320 786 in
352 742 559 800 pedicello
600 742 718 786 tenui
746 745 1052 800 erecto-patulo
1086 743 1146 787 eis
1183 742 1262 786 5-6
1296 745 1364 800 plo
1406 744 1590 788 breviori
1619 747 1788 801 erectis,

106 800 356 901 stylogtggpi
381 801 486 844 latit.
517 800 681 858 siliquae
707 801 836 858 duplo
861 802 1045 858 longiori
1073 801 1268 858 stigmate
1296 808 1440 845 retuso
1471 808 1536 855 O.
1569 803 1658 847 Bot.
1681 805 1786 861 Mag.

107 860 191 902 tab.
344 893 352 901 .

163 929 264 967 Hab.
291 929 330 965 in
352 929 581 967 Belutschia
603 928 763 980 (Stocks
778 921 822 979 l),
846 929 887 968 in
911 929 1122 978 Affghania
1141 928 1260 979 (Griff
1271 923 1317 979 l).

163 995 375 1045 Bipedale,
408 996 526 1035 flores
549 996 590 1034 in
613 996 705 1035 vivo
729 997 957 1036 aurantiaci.
993 997 1152 1047 Siliquae
1183 998 1450 1046 bipollicares.
1482 996 1688 1039 Glandulae
1709 1001 1791 1049 pla-

109 1059 211 1094 cent.
236 1053 317 1096 2-5
340 1055 505 1104 partitae.

164 1210 221 1253 E.
249 1209 697 1254 Griffithianum
725 1209 877 1266 (Boiss.
908 1209 1055 1267 Diagn.
1090 1210 1180 1254 Ser.
1212 1212 1266 1265 ΙΙ,
1287 1211 1320 1265 Ι,
1349 1226 1391 1269 p.
1413 1212 1485 1267 28)
1512 1214 1625 1270 pube
1653 1214 1792 1272 bipar-

107 1268 180 1311 tita
206 1267 303 1325 pilis
329 1267 475 1324 paucis
501 1267 655 1311 trifidis
681 1267 808 1311 mixta
836 1282 1083 1322 canescens,
1127 1271 1245 1313 caule
1274 1284 1403 1325 nano,
1445 1271 1556 1315 soliis
1584 1272 1790 1329 oblongo—

107 1325 350 1369 lanceolatis
376 1325 540 1370 obtusis
566 1326 760 1382 integris,
805 1326 984 1370 ssoribus
1009 1327 1150 1384 parvis
1177 1328 1420 1383 bracteatis,
1465 1330 1630 1387 siliquis
1670 1331 1783 1389 pedi-

108 1385 212 1428 cello
238 1384 489 1428 brevissimo
516 1384 699 1428 suffultis
725 1385 864 1442 longis
890 1385 1064 1439 strictis,
1107 1387 1211 1444 stylo
1237 1387 1490 1431 brevissimo
1517 1402 1660 1433 crasso
1687 1391 1789 1447 stig-

108 1450 218 1486 mate
244 1449 440 1486 truncato
471 1449 538 1495 Θ.
563 1467 568 1471 ·

165 1513 267 1550 Hab.
289 1512 328 1549 in
353 1512 489 1550 Persia
510 1513 648 1551 orient.
675 1523 798 1561 prope
828 1512 937 1551 Yezd
961 1510 1193 1567 (Bungcl),
1227 1514 1266 1552 in
1289 1514 1501 1564 Affghania
1524 1517 1574 1555 ad
1599 1516 1720 1556 Sinab
1749 1521 1786 1556 et

108 1569 276 1618 Quettah
301 1569 430 1619 (Grriff.
455 1582 536 1610 exs.
561 1569 703 1621 5000,
729 1572 769 1609 in
797 1572 1022 1611 Belutschia
1059 1573 1110 1611 ad
1140 1573 1314 1612 Niehara
1342 1574 1499 1625 (Stocks
1529 1587 1610 1614 exe.
1634 1574 1785 1628 9091).

164 1638 304 1687 Planta
325 1634 400 1676 5-9
424 1638 648 1687 pollicaris,
662 1638 858 1686 glandulae
883 1639 985 1687 plac.
1011 1640 1211 1689 obsoletae,
1228 1639 1377 1689 siliquae
1400 1639 1532 1682 12-15
1551 1643 1619 1682 liu.
1643 1644 1795 1693 longae.

106 1695 233 1734 Affine
258 1695 301 1734 Ε.
325 1697 494 1746 repando
518 1697 580 1736 cui
604 1709 628 1735 a
650 1697 699 1736 cl.
722 1697 842 1735 Hook
873 1701 912 1735 et
942 1697 1017 1736 Th.
1046 1698 1284 1737 associatum
1316 1700 1387 1738 sed
1420 1700 1516 1739 folia
1539 1701 1695 1752 integra
1718 1704 1788 1742 ob-

108 1758 206 1806 tusa,
229 1757 375 1795 racemi
400 1756 591 1796 bracteati
620 1759 659 1795 et
682 1756 834 1806 siliquae
858 1769 882 1795 a
914 1757 1037 1795 latere
1061 1757 1264 1795 evidenter
1287 1759 1613 1808 subcompressae.

614 1876 638 1900 θ’
670 1877 694 1900 ³*
726 1877 875 1928 Siliqua
898 1883 1035 1918 exacte
1060 1882 1278 1928 tetragona.

168 1982 224 2025 E.
251 1981 583 2038 repandum
616 1981 679 2038 (L.
711 1980 781 2038 Sp.
812 1982 864 2035 ΙΙ,
892 1996 934 2039 p.
965 1981 1068 2039 9023)
1111 1981 1270 2035 virens,
1313 1984 1425 2040 pube
1461 1985 1659 2042 bipartita
1696 1987 1791 2045 pilis

110 2039 255 2097 paucis
281 2039 435 2083 trifidis
462 2040 589 2083 mixta
616 2039 819 2094 obsitum,
848 2039 959 2083 soliis
985 2040 1230 2083 lanceolatis
1257 2043 1647 2098 repando-dentatis
1673 2046 1791 2103 apice

112 2111 223 2154 saepe
250 2097 500 2151 recurvatis,
527 2097 708 2141 floribus
733 2098 890 2155 parvis,
928 2097 1094 2155 siliquis
1119 2098 1327 2155 pedicello
1353 2100 1603 2145 brevissimo
1631 2103 1791 2147 incras-

113 2162 203 2200 sato
229 2155 412 2200 suffultis
439 2155 760 2213 erecto-patulis
787 2156 938 2212 rigidis
965 2170 1076 2214 saepe
1103 2157 1322 2211 torulosis‚
1364 2159 1468 2217 stylo
1503 2173 1646 2204 crasso
1681 2162 1788 2205 latit.

114 2213 278 2271 siliquae
303 2214 544 2271 aequilongo
569 2215 632 2258 vel
658 2214 841 2271 longiori
868 2214 1062 2272 stigmate
1090 2220 1234 2257 retuso
1265 2220 1330 2267 Θ.
1362 2217 1417 2260 Ic.
1446 2217 1579 2261 Rchb.
1610 2219 1638 2261 f.
1658 2219 1788 2264 4384.

173 2285 273 2324 Hab.
299 2285 339 2323 in
362 2285 477 2325 cultis
498 2285 616 2324 totius
639 2285 800 2324 ditionis
817 2298 841 2324 a
857 2285 1030 2324 Thracia
1042 2284 1230 2338 (Griseb.)
1247 2286 1296 2324 ad
1313 2286 1467 2336 Syriam
1482 2289 1632 2338 (Boissl
1648 2288 1751 2329 Gaill
1764 2292 1793 2339 !)

116 2347 154 2383 et
176 2344 351 2382 Persiam
374 2345 459 2383 bor.
483 2347 521 2382 et
543 2344 752 2383 australem
779 2339 908 2399 (Szow
927 2336 936 2382 ἶ
963 2344 1029 2394 Ky
1052 2356 1133 2383 exs.
1157 2342 1302 2395 2251).

173 2407 218 2461 β.
248 2405 457 2463 riqidum.
500 2405 654 2460 Minus,
689 2405 854 2464 siliquae
880 2412 1007 2450 rectae
1032 2407 1159 2464 paulo
1185 2406 1415 2452 crassiores
1441 2408 1641 2466 adpresse
1668 2410 1792 2455 hirtae

117 2464 677 2576 §rgecnglggisraessuttgh-agpt.
707 2464 752 2507 in
768 2464 1009 2522 descript.).
1040 2464 1094 2507 E.
1115 2465 1310 2522 riyidum
1336 2479 1404 2510 Dc.
1424 2465 1532 2525 Syst.
1554 2468 1606 2521 ll,
1626 2482 1668 2525 p.
1688 2467 1789 2512 505.

151 2592 278 2689 lglab.
301 2592 341 2702 i(n
364 2590 514 2701 L'i)bano
539 2586 699 2647 (Labill.
722 2591 762 2629 in
790 2590 900 2642 herb,
925 2591 1030 2642 Dcl),
1056 2592 1107 2630 ad
1130 2591 1241 2630 Eden
1264 2589 1342 2645 (Ky
1375 2605 1457 2632 exs.
1481 2586 1627 2646 695l).
1653 2594 1692 2632 in
1714 2594 1792 2633 An-

120 2649 179 2687 tii
208 2662 281 2689 ano
322 2651 370 2689 Bl
390 2680 399 2688 .
426 2679 436 2689 .

180 2715 340 2764 Species
362 2715 472 2764 replo
497 2716 548 2755 ad
577 2716 692 2755 basin
724 2716 851 2754 valvis
883 2716 964 2754 fere
996 2716 1125 2755 latiori
1150 2715 1325 2765 insignis.
1352 2715 1556 2757 Glandulae
1576 2718 1680 2767 plac.
1707 2719 1793 2758 obs-

124 2785 247 2825 curae,
272 2774 433 2813 bilobae.

179 2837 256 2880 Ar.
289 2844 448 2890 Geogr.
473 2840 633 2889 Europa
669 2840 891 2890 orientalis,
924 2839 1059 2879 Africa
1089 2840 1279 2890 borealis,
1305 2841 1417 2879 India
1448 2841 1795 2882 boreali-occiden-

124 2898 226 2937 talis.
