2021 3235
885 110 970 156 533

90 207 161 251 diu
189 206 232 249 in
265 204 464 249 funiculis
496 204 783 262 persistentia,
816 202 1062 246 reniformia
1087 202 1355 247 concentrice
1391 204 1773 260 granulato-rugu—

88 267 193 318 losa,
224 263 412 307 radicula
437 277 523 306 non
550 262 807 320 prominula.
839 288 896 292 -—
932 261 1086 304 Herbae
1123 275 1334 318 perennes
1361 261 1624 319 subaphyllae
1652 261 1775 305 intri-

91 323 215 368 catim
243 321 544 366 ramosissimae
571 321 676 365 facie
708 320 837 377 GypS.
859 319 1087 378 RokeJ‘ekoe.
1118 320 1259 363 Genus
1281 319 1533 377 Saponarioe
1559 326 1600 362 et
1618 319 1776 376 Gypso-

86 382 218 440 philae
241 380 359 424 valde
387 380 531 434 affine,
559 380 612 423 ab
639 382 819 436 utraque
845 384 984 422 tamen
1014 384 1078 421 sat
1093 377 1345 422 naturaliter
1361 378 1496 421 forma
1514 378 1754 435 petalorum

90 440 260 497 capsula
295 438 590 495 irregulariter
626 436 858 481 dehiscenti
897 443 937 480 et
973 436 1209 480 seminibus
1245 451 1340 480 sero
1377 436 1568 480 deciduis
1606 414 1775 492 sejun03

92 505 198 542 tum.

150 654 211 697 A.
244 652 733 709 qypsophiloides
770 654 917 711 (Fenzl
946 656 1022 698 loc.
1062 654 1155 709 cit.)
1194 653 1409 709 glabrum,
1438 652 1633 696 caulibus
1669 658 1780 696 tere-

93 711 205 755 tibus
231 710 404 766 virgatis
431 709 580 767 rigidis
607 711 850 756 dichotome
878 711 1180 756 ramosissimis
1208 711 1339 755 effuse
1367 711 1635 768 paniculatis,
1671 710 1782 754 foliis

94 769 239 827 paucis
265 768 455 812 carnosis
481 769 925 828 subulam-triquetris
952 771 1086 814 acutis
1112 769 1333 814 floralibus
1360 769 1642 822 brevissimis,
1671 769 1785 826 pedi-

95 828 209 872 cellis
236 826 506 885 capillaribus
534 828 672 886 calyce
700 829 771 873 3-4
787 831 856 887 plo
878 829 1165 885 longioribus,
1193 829 1348 886 calycis
1366 828 1565 885 puberuli
1583 828 1785 884 oblongo-

95 886 314 944 cylindrici
342 885 541 929 dentibus
569 889 806 932 rotundatis
833 888 1014 941 obtusis,
1043 901 1186 944 ungue
1213 886 1573 930 lineari-cuneato
1602 894 1784 940 exserto,

96 944 263 988 laminae
289 943 454 987 laciniis
490 945 734 989 lateralibus
772 947 1006 990 linearibus
1042 945 1204 990 obtusis
1241 945 1494 989 intermedia
1521 944 1787 1000 sublongiori

97 1003 424 1046 anchoraeformi
467 1002 596 1047 bifida
637 1005 959 1048 horizontaliter
1006 1004 1170 1048 bicruri
1219 1018 1348 1061 supra
1394 1003 1517 1047 basin
1564 1010 1786 1047 cuneatam

102 1061 302 1118 utrinque
329 1062 454 1105 dente
480 1062 597 1106 brevi
624 1067 764 1117 aucta,
793 1065 964 1122 capsula
991 1063 1175 1121 elliptica
1203 1064 1342 1121 calyce
1370 1061 1638 1106 subbreviori
1676 1070 1736 1111 26.

162 1134 263 1171 Hab.
288 1133 326 1170 in
353 1133 516 1172 collibus
542 1136 738 1183 argillosis
764 1140 802 1173 et
822 1136 1010 1174 cretaceis
1033 1135 1156 1183 Syriae
1178 1136 1263 1173 bor.
1290 1134 1340 1172 ad
1373 1134 1544 1172 Arabkir
1570 1136 1608 1171 et
1644 1133 1788 1172 Aintab

105 1184 354 1245 (Hausskl),
379 1192 672 1243 Mesopotamiae
701 1199 739 1233 et
774 1195 947 1243 Assyriae
971 1195 1020 1232 ad
1044 1194 1219 1243 Mai-din,
1256 1193 1455 1232 Assuaner
1489 1196 1528 1231 et
1564 1188 1792 1231 Beschabur

104 1253 187 1304 (Ky
225 1264 304 1290 exs.
341 1245 449 1292 556!
480 1244 603 1292 Auch.
635 1266 717 1292 exs.
747 1252 911 1303 5521),
938 1255 975 1292 in
1004 1259 1133 1292 monte
1160 1252 1266 1291 Gara
1294 1252 1560 1291 Kurdistaniae
1587 1252 1669 1303 (Ky
1708 1264 1790 1291 exs.

104 1313 176 1351 sub
201 1310 244 1349 A.
266 1309 551 1363 Caelesyriaeo).
575 1313 633 1351 Fl.
661 1314 750 1352 Jun.
774 1315 850 1353 Jut.

165 1380 354 1429 Bipedale
380 1384 418 1418 et
441 1382 659 1429 procerius,
696 1381 789 1420 folia
815 1382 925 1420 infer.
958 1378 1066 1421 9-12
1089 1381 1155 1418 lin.
1181 1380 1311 1429 longa,
1343 1381 1459 1429 calyx
1479 1378 1508 1419 2
1540 1380 1607 1418 lin.
1634 1381 1791 1430 longus.

107 1440 264 1478 Semina
286 1439 397 1478 lineae
423 1436 482 1493 ²s³
507 1440 627 1492 diam.
654 1442 746 1480 lata.

166 1605 227 1648 A.
246 1604 644 1649 Arsusianum
671 1603 750 1661 (Ky
777 1604 832 1660 pl.
862 1617 946 1646 exs.
971 1602 1102 1660 1862)
1131 1603 1344 1658 glabrum,
1375 1603 1568 1646 caulibus
1594 1603 1796 1648 tenuibus

107 1662 281 1719 virgatis
324 1662 472 1717 rigidis
513 1661 778 1719 simplicibus
821 1662 960 1705 rarius
1002 1676 1187 1719 superne
1237 1662 1478 1705 alternatim
1522 1669 1563 1705 et
1606 1662 1796 1705 breviter

111 1721 352 1775 ramulosis,
382 1720 561 1764 floribus
578 1719 653 1764 3-7
672 1720 1131 1779 corymboso-cymosis
1150 1720 1288 1763 rarius
1307 1720 1523 1774 solitariis,
1546 1720 1664 1764 ‘foliis
1691 1735 1796 1777 pau-

112 1780 171 1823 cis
198 1779 460 1823 brevissimis
494 1779 727 1823 linearibus
761 1779 1037 1823 acutiusculis
1071 1793 1201 1836 supra
1234 1779 1372 1836 planis
1408 1780 1557 1823 subtus
1584 1779 1796 1835 convexis,

111 1838 325 1896 pedicellis
352 1839 492 1895 calyce
520 1838 591 1882 23
619 1840 686 1896 plo
713 1838 997 1893 longioribus,
1033 1837 1187 1895 calycis
1214 1838 1350 1894 glabri
1378 1837 1664 1895 campanulati
1692 1839 1797 1881 den-

112 1897 225 1941 tibus
241 1897 372 1940 ovatis
395 1897 575 1950 obtusis,
603 1898 773 1940 laminae
799 1896 963 1940 laciniis
992 1896 1327 1953 subaequilongis
1352 1896 1600 1940 lateralibus
1627 1897 1797 1940 lanceo-

113 1955 206 1999 latis
238 1955 379 1999 bifidis
415 1955 669 1999 intermedia
704 1956 890 1999 breviter
923 1955 1052 1998 bifida
1089 1956 1140 1998 ad
1179 1955 1299 1997 basin
1336 1962 1560 1998 cuneatam
1595 1955 1798 2013 utrinque

114 2015 237 2057 dente
261 2014 665 2058 lanceolam-lineari
693 2017 742 2058 ea
768 2014 833 2057 vix
859 2013 1045 2057 breviori
1073 2017 1212 2067 aucta,
1243 2015 1488 2070 capsula...
1529 2021 1566 2063 26
1581 2048 1589 2056 .

173 2084 273 2122 Hab.
299 2085 338 2121 in
362 2084 566 2132 praeruptis
589 2085 741 2122 saxosis
767 2088 805 2122 et
820 2084 1013 2132 gloreosis
1031 2084 1078 2120 ad
1097 2095 1239 2133 pagum
1263 2083 1414 2121 Arsusa
1437 2084 1474 2121 in
1496 2087 1627 2122 monte
1646 2084 1799 2123 Amano

116 2143 237 2191 Syriae
262 2145 343 2181 bor.
369 2139 507 2197 (Kyi),
535 2144 573 2180 in
591 2147 720 2182 monte
745 2142 988 2191 Akkerdagh
1014 2155 1133 2191 prope
1158 2142 1338 2181 Marasch
1363 2142 1540 2192 (Haussk
1556 2140 1599 2190 !)·
1626 2143 1684 2182 Fl.
1712 2144 1800 2182 Jun.

176 2210 413 2248 Praecedenti
433 2210 556 2248 minus
574 2222 782 2259 ramosum,
800 2209 915 2258 calyx
939 2207 959 2248 1
978 2205 1037 2262 ¹s2
1059 2210 1128 2246 lin.
1156 2213 1303 2247 tantum
1327 2210 1467 2257 longus
1491 2213 1528 2247 et
1542 2211 1660 2258 petati
1676 2210 1803 2248 forma

119 2269 288 2307 diversa.

178 2418 238 2461 A.
271 2418 511 2462 Reuteri
553 2416 705 2473 <Boiss.
738 2423 778 2460 et
803 2415 1038 2472 Hausskn.)
1081 2414 1295 2471 glabrum,
1333 2411 1525 2458 caulibus
1562 2414 1806 2458 numerosis

122 2475 293 2532 virgatis
335 2475 576 2518 dichotome
619 2476 679 2518 vel
723 2474 964 2518 alternatim
1006 2472 1208 2526 ramosis,
1239 2472 1349 2516 foliis
1384 2473 1585 2516 brevibus
1621 2472 1808 2516 tenuiter

122 2533 355 2577 linearibus
382 2534 533 2587 acutis,
561 2533 740 2577 floribus
768 2531 1292 2591 corymboso-racemosis,
1319 2531 1536 2589 pedicellis
1563 2532 1704 2588 calyce
1731 2530 1811 2574 3-4

125 2593 192 2649 plo
218 2592 500 2649 longioribus,
534 2592 688 2650 calycis
715 2590 1148 2648 glanduloso-hispidi
1176 2590 1460 2647 campanulati
1489 2590 1687 2633 dentibus
1714 2604 1811 2633 ova-

127 2651 178 2694 tis
205 2651 390 2704 obtusis,
418 2650 587 2694 laminae
615 2650 779 2694 laciniis
806 2649 1142 2706 subaequilongis
1169 2649 1417 2691 lateralibus
1441 2647 1689 2692 lanceolatis
1715 2649 1813 2691 bifi-

128 2709 191 2752 dis
218 2709 469 2753 intermedia
496 2709 681 2753 breviter
706 2709 837 2752 bifida
855 2707 1345 2751 flabellato-denticulata
1361 2707 1451 2751 basi
1470 2707 1671 2764 utrinque
1689 2707 1815 2751 dente

130 2768 278 2811 lineari
306 2771 353 2811 ea
380 2767 566 2811 breviori
593 2771 733 2822 aucta,
762 2768 1008 2825 capsula...
1053 2771 1111 2812 26.

188 2838 289 2877 Hab.
334 2838 370 2875 in
410 2839 654 2885 rupestribus
693 2838 833 2877 montis
879 2835 1148 2884 Bakkerdagh
1185 2847 1310 2885 prope
1349 2836 1529 2875 Marasch
1572 2835 1697 2884 Syriae
1734 2837 1822 2875 bor.

135 2894 366 2950 (Hausskt).
398 2897 456 2936 Fl.
482 2897 560 2936 Jul.
