2021 3235
952 129 1037 172 552

216 233 313 270 Hab.
341 232 378 268 in
413 230 548 267 Persia
580 230 679 266 inter
702 227 808 265 Yezd
843 230 878 263 et
902 224 1070 274 Ispahan
1104 228 1141 262 et
1171 235 1295 274 prope
1330 224 1427 263 Ssof
1453 225 1552 265 inter
1591 226 1764 276 Ispahan
1797 232 1837 267 ct

158 291 336 329 Telieran
364 290 514 339 (Bunge
531 286 571 333 l).

219 358 356 395 Planta
381 352 485 396 6-12
504 353 715 403 pollicaris.
741 353 853 390 Folia
878 350 1062 388 inferiora
1085 362 1170 388 cum
1194 350 1340 398 petiolo
1365 349 1447 388 fere
1481 352 1669 400 pollicem
1699 354 1834 405 longa,

160 416 275 464 calyx
301 428 346 453 eo
372 415 412 453 G.
438 413 624 463 elegantis
645 412 760 461 paulo
784 411 919 458 minor,
947 409 1077 457 petala
1099 408 1417 458 exunguiculata.

214 569 273 612 G.
294 565 729 623 spathulaefolia
755 563 897 613 (Fenzl
924 562 967 604 in
995 562 1150 605 Ledeb.
1172 562 1233 604 Fl.
1256 562 1375 605 Ross.
1398 561 1431 615 Ι,
1459 577 1501 619 p.
1524 561 1628 620 290)
1655 565 1834 620 glandu-

154 627 522 682 loso—pubescens,
558 623 675 666 caule
712 634 824 664 nano
857 634 879 662 a
906 620 996 663 basi
1024 620 1315 664 ramosissimo
1341 633 1476 677 usque
1503 621 1554 663 ad
1581 621 1742 678 apicem
1769 624 1833 667 fo-

154 684 274 736 lioso,
303 683 410 726 foliis
437 682 633 725 omnibus
653 678 1108 736 spathulato-oblongis
1125 678 1288 721 obtusis
1304 678 1345 721 in
1364 678 1568 734 petiolum
1587 681 1831 736 attenuatis,

152 742 328 785 floribus
363 754 438 797 per
473 753 618 783 omnes
656 751 795 780 ramos
832 736 989 792 sparsis
1025 736 1213 780 alaribus
1240 743 1281 779 et
1307 735 1578 790 axillaribus,
1615 738 1833 794 pedicellis

154 799 283 856 calyci
311 799 559 856 aequilongis
586 795 814 839 fructiferis
840 794 1085 846 declinatis,
1114 795 1254 852 calyce
1282 794 1466 850 oblongo
1493 795 1544 838 ad
1572 796 1762 840 medium
1789 798 1832 842 in

152 857 326 900 lacinias
353 857 553 911 oblongas
579 855 750 897 obtusas
776 860 952 908 anguste
980 852 1361 908 albo-marginatas
1393 853 1528 896 diviso
1545 889 1555 907 ‚
1598 855 1749 911 petalis
1781 856 1832 899 li-

152 914 544 971 neari-spathulatis
571 911 754 956 crenatis
778 912 842 954 vel
867 911 1094 955 bidentatis
1122 912 1264 969 calyce
1282 911 1710 968 sesquilongiorihus,
1740 928 1833 972 cap-

154 974 244 1016 sula
271 974 405 1030 calyce
432 970 703 1026 sublongiore
734 976 798 1021 O.

212 1042 310 1079 Hab.
344 1042 380 1078 in
404 1040 589 1079 montosis
615 1039 803 1087 lapidosis
826 1038 968 1076 littoris
995 1038 1197 1076 orientalis
1223 1039 1340 1076 maris
1364 1038 1497 1087 Caspii
1520 1036 1581 1092 (F.
1607 1044 1646 1078 et
1669 1042 1752 1092 M.).

214 1109 352 1146 Planta
374 1109 515 1156 pusilla
551 1107 815 1155 bipollicaris,
842 1106 936 1144 folia
970 1106 1121 1155 majora
1153 1105 1235 1144 fere
1261 1107 1466 1155 pollicaria
1490 1105 1566 1146 54
1591 1108 1715 1147 lineas
1740 1111 1830 1148 lata.

156 1167 323 1215 Capsula
348 1168 609 1216 polysperma.
636 1166 722 1203 Non
763 1165 841 1203 vidi
867 1164 966 1203 hanc
989 1165 1159 1213 speciem
1185 1177 1270 1214 quae
1304 1165 1542 1214 praecedenti
1578 1167 1705 1207 affinis
1745 1180 1831 1207 esse

155 1226 320 1264 videtur.

215 1380 274 1422 G.
302 1378 539 1434 hispida
571 1379 720 1434 (Boiss.
751 1379 899 1434 Diagn.
927 1378 1018 1422 Ser.
1050 1380 1082 1431 I,
1114 1380 1147 1427 Ι,
1177 1394 1217 1436 p.
1249 1380 1325 1437 ΙΙ)
1351 1381 1493 1437 patule
1519 1381 1687 1438 hispida
1711 1382 1835 1425 visci·

157 1437 270 1488 dula,
301 1437 417 1478 caule
446 1446 585 1480 erecto
611 1437 759 1480 folioso
786 1451 969 1494 superne
997 1438 1528 1495 corymboso·paniculato,
1558 1440 1667 1483 foliis
1696 1454 1719 1482 a
1745 1440 1836 1484 basi

157 1497 369 1537 attenuata
409 1495 593 1538 breviter
633 1499 807 1538 cuneata
847 1496 1306 1552 oblongo-lanceolatis
1348 1497 1482 1541 acutis
1523 1498 1834 1553 subtrinerviis,

158 1552 372 1595 floralibus
408 1560 584 1609 anguste
619 1553 868 1607 linearibus,
910 1554 1125 1611 pedicellis
1167 1555 1489 1613 erecto-patulis
1530 1558 1672 1614 calyce
1714 1557 1839 1614 triplo

157 1610 438 1665 longioribus,
481 1612 619 1668 calyce
662 1611 950 1668 hispidissimo
990 1614 1287 1669 campanulato
1323 1615 1374 1657 ad
1407 1614 1575 1658 tertiam
1603 1621 1767 1673 partem
1794 1615 1837 1659 in

157 1668 302 1711 dentes
329 1668 531 1725 oblongos
558 1670 1166 1727 membranaceo-marginatos
1192 1672 1308 1727 fisso,
1337 1672 1487 1730 petalis
1514 1674 1648 1717 roseis
1665 1673 1838 1717 lineari-

157 1727 346 1826 {uneatis
382 1727 584 1770 truncatis
620 1728 805 1772 breviter
841 1737 882 1772 et
914 1729 1063 1773 obtuse
1099 1730 1264 1774 trilobis
1301 1732 1441 1789 calyce
1474 1732 1603 1789 duplo
1628 1732 1836 1789 longiori-

188 1799 236 1827 us
267 1791 332 1836 Θ.

215 1855 314 1892 Hab.
340 1855 377 1891 in
398 1853 651 1903 Cappadocia
675 1856 723 1893 ad
750 1856 988 1904 Euphratem
1014 1857 1157 1908 (Auch.
1183 1869 1264 1897 exs.
1291 1856 1436 1910 5490.

217 1920 348 1958 Cauiis
370 1919 390 1959 1
411 1918 464 1974 ¹l2
490 1922 661 1971 pedalis,
694 1921 787 1959 folia
817 1919 919 1976 21],
942 1924 1037 1973 poll.
1071 1925 1190 1974 longa
1212 1923 1288 1965 6-8
1313 1926 1380 1964 lin.
1418 1926 1510 1970 lata,
1544 1925 1661 1964 flores
1694 1926 1749 1963 eis
1788 1922 1836 1964 G.

154 1981 392 2030 porrigentis
415 1982 529 2028 paulo
553 1981 721 2029 majores
747 1986 785 2019 et
812 1984 970 2022 brevius
998 1984 1236 2032 pedicellati.
1268 1985 1413 2023 Forma
1444 1985 1662 2033 petalorum
1687 1984 1841 2024 accedit

158 2040 205 2076 ad
231 2039 488 2088 Saponarz'um
513 2041 764 2079 tridentem-m
787 2042 916 2080 Boiss.
941 2043 1009 2081 sed
1037 2044 1086 2082 ob
1110 2044 1286 2093 calycem
1311 2044 1838 2093 obconico-campanulatum

162 2097 403 2148 Gypsophz'lae
427 2100 733 2138 adnumeranda.

771 2238 892 2283 SEcT.
922 2241 993 2284 ΙΙΙ.
1025 2240 1214 2286 PHRYNA.

215 2372 273 2415 G.
292 2370 647 2435 prteqioides
674 2370 735 2426 (F.
768 2378 808 2413 et
834 2371 886 2413 M.
918 2371 1025 2413 Ann.
1056 2370 1120 2414 Sc.
1153 2372 1244 2414 Nat.
1276 2371 1406 2425 4854,
1436 2387 1478 2430 p.
1511 2371 1566 2416 36
1594 2373 1672 2417 sub
1705 2373 1837 2417 Tuni-

156 2430 219 2486 cci)
250 2435 408 2470 minute
435 2429 889 2485 pruinoso-puberula‚
919 2443 939 2471 e
968 2429 1202 2473 rhizomate
1226 2430 1392 2487 lignoso
1419 2444 1589 2475 ramoso
1616 2431 1839 2475 multicau-

156 2487 222 2539 lis,
267 2486 454 2529 caulibus
482 2486 632 2530 erectis
659 2487 814 2530 strictis
841 2487 1083 2531 dichotome
1111 2489 1291 2532 ramosis
1308 2525 1318 2543 ,
1361 2489 1470 2532 foliis
1498 2496 1676 2546 anguste
1704 2490 1838 2534 linea-

158 2545 275 2587 ribus
301 2544 433 2587 acutis
460 2544 709 2597 uninerviis,
739 2545 918 2589 floribus
946 2546 1164 2590 sessilibus
1192 2547 1392 2591 solitariis
1419 2548 1485 2591 vel
1510 2548 1622 2591 binis
1645 2562 1838 2592 racemos

155 2603 397 2645 terminales
424 2602 571 2645 breves
597 2604 711 2646 laxos
739 2604 906 2647 strictos
933 2604 1240 2659 formantibus,
1278 2606 1419 2664 calyce
1450 2606 1656 2663 pruinoso
1683 2607 1838 2650 rubro-

153 2675 332 2704 nervoso
360 2662 410 2703 ad
440 2662 605 2704 tertiam
632 2669 794 2719 partem
821 2662 865 2704 in
892 2663 1040 2706 dentes
1066 2664 1322 2708 lanceolatos
1350 2671 1497 2708 acutos
1522 2664 1623 2708 fisso
1640 2700 1650 2718 ,
1688 2664 1837 2722 petalis

155 2719 258 2761 albis
300 2720 699 2775 purpureo-venosis
740 2720 1124 2764 lineari-cuneatis
1165 2721 1329 2766 obtusis
1370 2724 1512 2781 calyce
1552 2724 1676 2767 tertia
1717 2729 1837 2780 parte

155 2776 433 2832 longioribus,
462 2779 631 2834 capsula
658 2779 799 2836 calyce
826 2779 1089 2835 sublongiori
1108 2780 1187 2822 1-2
1205 2783 1392 2837 sperma,
1421 2781 1657 2825 seminibus
1675 2781 1836 2825 tenuis-

154 2834 258 2877 sime
287 2835 496 2891 rugulosis
523 2843 560 2885 5.
612 2837 771 2880 Tcmica
796 2837 1048 2892 oeylorrhiza
1073 2838 1206 2882 Boiss.
1238 2839 1334 2882 Mss.
1367 2838 1612 2896 Saponaria
1637 2841 1836 2897 orceyz'oi-

153 2892 221 2935 des
248 2892 376 2936 Boiss.
408 2893 555 2950 Diagn.
585 2893 675 2938 Ser.
708 2896 759 2948 ΙΙ,
788 2895 857 2948 VI,
885 2910 927 2952 p.
959 2894 1029 2939 25.
1061 2896 1209 2939 Tchih.
1241 2897 1310 2941 As.
1343 2897 1441 2942 Min.
1471 2898 1558 2942 tab.
1590 2898 1660 2941 11.
