2021 3235
1009 112 1095 156 410

375 358 572 407 ORDO
613 363 725 410 vil.
756 362 1248 414 CAPPARIDEAE.
1281 368 1414 416 Juss.
1445 368 1567 417 Gen.
1600 369 1730 418 242.

273 540 415 608 F1013es
441 546 660 601 regulares
687 550 749 592 vel
775 549 1050 606 irregulares.
1082 551 1205 610 Calyx
1232 553 1260 596 4
1287 555 1446 611 (rarius
1473 556 1516 613 5)
1544 560 1728 616 sepalus.
1761 560 1909 604 Petala

212 599 240 669 4
268 600 427 667 (rarius
453 602 515 660 Ο).
547 605 682 649 Torus
708 607 848 651 brevis
874 610 937 652 vel
966 610 1008 652 in
1037 611 1345 668 thecaphorum
1373 616 1611 672 elongatus.
1643 617 1834 662 Stamina
1859 619 1908 662 4-

214 660 240 701 b
269 660 330 724 vel
358 661 577 707 mdelinita
604 665 655 707 ad
684 666 805 709 basin
832 668 896 710 vel
925 668 1089 724 apicem
1117 669 1198 712 tori
1226 670 1402 716 inserta.
1443 674 1643 718 Ovarium
1671 677 1817 721 sessile
1844 679 1910 721 vel

214 725 343 774 septis
369 733 391 761 e
418 721 621 776 placentis
649 724 752 768 ortis
779 726 1080 782 pluriloculare
1108 728 1438 784 pluriovulatum
1468 734 1607 777 rarius
1624 735 1905 780 biovulatum.

214 775 344 819 Ovula
369 786 575 837 anatropa
603 783 731 839 raphe
760 785 953 828 ventrali.
1000 785 1179 830 Fructus
1216 791 1450 845 capsularis
1478 793 1703 838 dehiscens
1731 795 1906 839 bivalvis

215 836 279 877 vel
308 836 504 881 baccatus
541 839 826 885 indeliiscens.
873 843 1044 887 Semina
1071 845 1391 892 exalbuminosa
1419 852 1482 893 vel
1512 852 1697 895 tenuiter
1723 854 1909 896 albumi-

216 908 337 947 nosa,
366 897 599 954 embryone
628 908 802 943 arcuato
830 903 892 945 vel
910 902 1102 956 incurvo,
1122 907 1444 963 cotyledonibus
1464 909 1830 955 incumbentibus.
1855 938 1912 944 --

218 952 370 997 llerbae
399 958 458 999 vel
487 957 640 1014 saepius
669 959 843 1003 frutices
871 961 981 1005 foliis
1009 963 1243 1019 saepissime
1271 966 1461 1011 alternis.

777 1118 852 1161 ΤΒ.
898 1119 926 1162 l.
972 1119 1242 1165 CLEOMEAE.
1290 1135 1355 1166 Dc.

281 1251 452 1295 Fructus
481 1256 730 1311 capsularis.

427 1411 578 1456 Sussrrn.
618 1415 648 1458 Ι,
687 1415 727 1458 E
737 1415 1092 1461 UCLEOMEAE.
1124 1442 1181 1450 —
1211 1417 1400 1476 Capsula
1427 1421 1714 1478 polysperma.

779 1559 978 1608 cisonii
1012 1561 1070 1623 (L.
1107 1562 1203 1611 Gen.
1240 1562 1357 1626 826).

282 1740 404 1797 Calyx
432 1740 459 1783 4
486 1740 665 1796 partitus
693 1741 799 1784 lobis
826 1741 1032 1785 deciduis.
1080 1743 1218 1786 Petala
1246 1744 1272 1785 4
1298 1744 1538 1801 bypogyna.
1584 1743 1773 1787 Stamina
1799 1743 1826 1785 4
1855 1744 1921 1786 vel

224 1800 249 1841 6
277 1800 337 1841 vel
367 1799 602 1842 indefinita.
635 1800 770 1843 Torus
797 1800 1153 1858 hemisphaerieus
1179 1803 1243 1845 vel
1271 1804 1508 1859 elongatus.
1556 1802 1734 1860 Capsula
1761 1801 1922 1845 sessilis

224 1858 284 1900 vel
313 1857 499 1915 stipitata
527 1858 700 1902 bivalvis
726 1861 994 1917 polysperma
1020 1861 1149 1905 valvis
1175 1876 1199 1905 a
1225 1861 1434 1919 placentis
1461 1862 1633 1905 demum
1663 1861 1828 1905 solutis.
1865 1887 1922 1891 —

226 1916 379 1960 Herbae
407 1918 469 1959 vel
498 1917 755 1960 suss'rutices.

224 2117 344 2158 §Ecum
387 2116 416 2158 l.
453 2117 796 2160 Gi'NANDnoPffls.
832 2144 890 2149 —-
920 2119 1168 2162 Scwmmttci
1190 2133 1287 2162 eccm
1306 2125 1394 2162 toro
1417 2120 1610 2175 elonyato
1640 2119 1920 2175 (yynoplzoro)

621 2177 775 2220 coalita
806 2179 923 2234 apice
956 2178 1107 2220 libera.
1146 2177 1270 2221 Folia
1297 2179 1510 2236 palmata.

285 2329 339 2373 G.
372 2329 763 2385 pentaphylla
806 2328 868 2384 (L.
899 2328 968 2386 Sp.
1000 2326 1104 2386 938)
1150 2328 1259 2372 foliis
1294 2327 1446 2372 mediis
1481 2327 1508 2370 5
1541 2327 1740 2371 foliolatis
1768 2328 1922 2392 foliolis

227 2386 647 2443 elliptieo-oblongis,
686 2387 906 2430 floralibus
939 2388 1069 2431 dense
1096 2387 1309 2445 congestis
1337 2385 1640 2430 subsessilibus
1667 2386 1922 2431 trifollolatis

226 2445 418 2499 minutis,
464 2446 612 2502 petalis
652 2446 842 2489 obovatis
885 2447 1025 2504 calyce
1063 2447 1302 2504 quadruplo
1338 2445 1621 2502 longioribus,
1668 2445 1923 2489 staminibus

229 2504 367 2547 medio
394 2506 644 2562 gynopboro
671 2504 841 2547 insertis
864 2541 873 2556 ,
916 2507 1088 2562 capsula
1113 2505 1317 2563 siliquosa
1346 2504 1758 2548 lanceolam-lineari
1786 2518 1922 2569 gyno-

230 2564 366 2620 phoro
393 2563 635 2620 {equilougo
661 2564 723 2605 vel
753 2564 937 2606 breviori
967 2564 1165 2617 suffulta,
1205 2563 1439 2607 seminibus
1467 2563 1737 2606 concentrice
1765 2563 1924 2607 striatis

233 2631 470 2665 transverse
500 2622 912 2678 ruguloso-ci‘istalis
943 2628 1008 2674 O.
1041 2623 1130 2666 Bot.
1162 2624 1269 2680 Mag.
1301 2622 1387 2665 tab.
1419 2621 1547 2665 1681.

294 2693 393 2730 Hab.
419 2692 455 2728 in
486 2693 599 2730 cultis
628 2692 746 2729 totius
771 2692 938 2741 AEgypti
965 2691 1066 2744 (Del.
1092 2693 1218 2732 Aueh.
1245 2705 1327 2732 exs.
1350 2691 1459 2732 411!
1488 2693 1601 2730 Boiss
1620 2687 1661 2740 ἔ).
1687 2692 1746 2731 Fl.
1773 2704 1877 2731 vere.

293 2757 368 2797 Ar.
399 2758 562 2809 Geogr.
597 2759 721 2805 Regio
745 2760 895 2807 tropica
929 2765 968 2798 et
992 2761 1221 2809 subtropiea
1244 2761 1362 2798 totius
1390 2760 1496 2799 orbis
1523 2760 1592 2797 sed
1615 2760 1654 2797 in
1679 2761 1776 2799 orbe
1801 2760 1926 2799 veteri

237 2819 493 2866 probabiliter
514 2819 711 2868 indigena.
