2021 3235
893 142 979 187 113

146 292 203 335 P.
235 292 614 348 bipinnatum
636 292 875 352 ·(C.A.Mey.
908 295 1060 340 Enum.
1092 312 1132 354 p.
1165 298 1295 349 ‹1562›
1329 307 1462 345 totum
1491 306 1631 360 patule
1659 314 1772 349 setu-

86 349 383 415 losumnfoliis
409 350 453 393 in
478 350 654 416 lacinias
680 351 887 408 oblongas
913 354 1227 401 obtusiusculas
1244 358 1598 416 bipinnatisectis‚
1620 365 1773 421 sepalis

88 408 559 519 {pgpgogiscbfilamenus
585 409 664 452 sub
693 411 871 454 anthera
899 416 1018 456 ovata
1036 428 1122 457 non
1139 417 1385 471 attenuatis,
1405 421 1575 476 capsula
1592 422 1773 478 oblonga

147 537 248 576 Hab.
272 537 313 575 in
337 538 527 576 montosis
553 538 712 577 ditionis
738 539 914 588 Talysch
937 552 1061 590 prope
1086 542 1218 582 Swant
1253 540 1463 600 (C.A.M!).

149 588 483 650 Pedalejlaeiniae
507 605 689 644 foliorum
713 607 769 645 eis
795 607 838 646 P.
862 610 1044 648 arenarii
1074 611 1194 660 duplo
1224 614 1285 651 vel
1321 614 1439 663 triplo
1464 616 1631 666 majores
1666 618 1774 656 obtu-

92 664 231 702 siores.
255 664 394 702 Petala
417 672 464 702 ex
489 665 537 704 cl.
562 664 697 713 Meyer
722 678 850 715 magn.
876 667 922 705 P.
951 669 1063 708 dubii
1087 668 1140 720 (v,
1167 683 1199 709 s.
1224 672 1262 710 in
1284 672 1394 712 herb.
1421 674 1599 721 Ledeb.).

146 824 204 867 P.
236 824 435 868 rhaeas
462 823 526 880 (L.
546 823 616 881 Sp.
648 824 750 882 7⁶27)
780 833 968 871 setosum
1004 829 1142 873 rarius
1168 831 1458 887 glabrescens,
1487 833 1597 876 foliis
1625 836 1775 891 pinna-

89 881 164 924 tim
191 882 254 925 vel
279 881 537 939 bipinnatim
565 883 730 940 partitis
757 885 820 927 vel
847 886 973 929 sectis
994 887 1159 932 laciniis
1177 889 1624 946 oblongo-lanceolatis
1638 894 1777 936 rarius

88 939 248 998 lyr-atis,
278 940 431 998 sepalis
458 942 675 996 setulosis‚
709 942 860 999 petalis
901 944 1149 990 orbiculatis
1192 954 1430 992 transverse
1472 950 1776 995 sublatioribus

89 999 285 1054 margine
311 999 661 1044 incumbentibus
689 1000 855 1045 intense
887 1005 1119 1060 purpureis
1155 1019 1252 1049 cum
1286 1007 1348 1050 vel
1386 1007 1546 1064 absque
1584 1011 1774 1062 macula,

90 1057 279 1101 antheris
306 1057 515 1115 oblongis.
543 1060 714 1116 capsula
741 1059 939 1116 obovata,
959 1062 1101 1119 stigm.
1132 1062 1235 1107 8-10
1272 1071 1337 1117 Ε).

92 1183 125 1225 R
152 1144 209 1226 §ab
248 1125 500 1227 ἵεηὶῗῆῑόιω.
543 1125 722 1183 Capsula
762 1125 949 1171 breviter
989 1129 1182 1173 obovata.
1219 1131 1335 1174 Folia
1376 1132 1576 1188 adpresse
1619 1140 1771 1176 setosa.

128 1197 149 1226 c
217 1217 224 1225 .
276 1218 284 1226 .
436 1218 444 1226 .
1172 1197 1175 1200 ’

148 1252 250 1291 Hab.
288 1254 327 1290 in
365 1254 531 1293 collibus
554 1258 594 1292 et
617 1255 732 1293 cultis
757 1250 943 1294 Graeciae!
972 1257 1077 1295 Asiae
1102 1257 1261 1297 minoris
1289 1262 1414 1297 omnis
1445 1263 1484 1298 et
1516 1260 1639 1309 Syriae
1662 1261 1774 1299 mari-

92 1311 194 1350 timae
217 1315 256 1350 et
278 1313 496 1352 interioris!

150 1375 196 1430 β.
225 1375 514 1433 oblonyatum.
543 1375 720 1433 Capsula
745 1376 1126 1435 obovato-oblonga
1152 1378 1243 1422 basi
1278 1386 1507 1425 attenuata.
1538 1382 1678 1425 Variat
1702 1396 1770 1439 pe-

96 1434 186 1477 tule‘
206 1441 393 1478 setosum
420 1440 461 1478 et
484 1435 772 1491 glabrescens.

152 1505 254 1543 Hab.
279 1506 318 1542 in
342 1504 458 1554 Syriai.
482 1506 587 1544 circa
611 1504 794 1544 Sidonem
817 1503 877 1555 (Bl
894 1497 925 1558 1)
946 1509 984 1545 et
1006 1506 1045 1543 in
1071 1507 1262 1546 cretaceis
1286 1508 1421 1547 Balkis
1454 1510 1504 1547 ad
1538 1509 1775 1558 Euphratem

93 1561 321 1616 (Haussk!),
347 1565 386 1602 in
404 1564 611 1603 Palaestina
636 1559 826 1620 (Boissl).

149 1647 191 1686 y.
222 1626 468 1684 Syriacum.
499 1626 679 1684 Capsula
704 1633 883 1684 anguste
909 1628 1301 1685 clavato-oblonga,
1331 1631 1520 1675 antherae
1548 1638 1676 1674 ovatae
1710 1631 1775 1673 vel

91 1686 433 1741 ovato-globosae.
463 1686 517 1729 P.
544 1685 776 1743 Syriacum
804 1686 936 1730 Boiss.
968 1693 1010 1730 et
1034 1686 1094 1729 Bl.
1126 1687 1274 1743 Diagn.
1306 1688 1395 1732 Ser.
1428 1690 1480 1744 ll,
1500 1690 1566 1743 Vl,
1596 1704 1636 1747 p.
1669 1688 1710 1731 8.

142 1757 249 1795 Hah.
274 1758 313 1795 in
336 1757 453 1805 Syria
475 1758 580 1796 circa
602 1758 817 1807 Berythum
840 1757 904 1808 (Bl
919 1751 928 1796 !
944 1754 981 1813 ),
1015 1759 1199 1797 Sidonem
1223 1759 1341 1809 (Gaill
1357 1755 1389 1811 l)
1407 1792 1416 1802 .

151 1816 315 1855 Videtur
341 1817 537 1856 confluere
561 1817 801 1856 intermediis
827 1820 913 1856 cum
935 1830 1018 1857 var.
1041 1816 1085 1871 β.

151 1880 226 1922 Ar.
259 1881 422 1933 Geogr.
447 1883 608 1933 Europa
632 1887 737 1935 tota,
763 1883 899 1923 Africa
921 1885 1106 1924 borealis.

147 2046 205 2089 P.
251 2047 684 2089 commutatum
727 2045 799 2102 (F.
831 2052 872 2089 et
908 2046 959 2088 M.
996 2046 1126 2089 Index
1163 2046 1226 2089 lv.
1266 2045 1388 2097 Hert,
1422 2044 1588 2101 Petrop.
1621 2057 1661 2100 p.
1693 2043 1767 2108 41)

90 2109 280 2147 setosum
307 2102 407 2146 setis
433 2102 776 2160 pedunculorum
802 2104 1034 2161 adpressis,
1063 2105 1172 2147 foliis
1199 2104 1241 2146 in
1269 2103 1445 2146 lacinias
1463 2102 1666 2167 oblongas
1683 2115 1773 2158 pin-

89 2161 222 2205 natim
248 2161 313 2204 vel
353 2161 609 2219 bipinnatim
636 2162 825 2218 partitiS,
860 2163 1010 2220 petalis
1045 2162 1235 2206 obovatis
1270 2161 1461 2218 margine
1488 2174 1574 2203 non
1608 2172 1773 2203 mcum-

89 2219 290 2264 bentibus
315 2219 547 2278 purpureis
575 2220 1035 2276 violaceo-maculatis,
1065 2221 1255 2265 antheris
1287 2220 1443 2273 nveitis,
1473 2218 1642 2276 capsula
1668 2217 1772 2265 Obo-

90 2281 183 2323 vata
209 2278 328 2323 disco
354 2279 605 2332 convexum,
635 2278 778 2336 stigm.
802 2279 910 2323 8-10
949 2286 1015 2332 Θ.

150 2348 251 2387 Hab.
274 2348 314 2386 in
336 2349 467 2387 Ibe-rifi
490 2347 720 2400 (O.A.Mey!
745 2349 835 2387 Hoh
850 2345 898 2405 !)‚
917 2350 1102 2388 Armenia
1118 2349 1284 2388 Rossicfi
1306 2343 1373 2402 (C.
1398 2346 1512 2385 Koch
1525 2344 1549 2397 1)

150 2414 275 2453 Valde
297 2414 412 2454 affine
433 2414 669 2464 praecedenti
693 2415 818 2454 forma
842 2417 1061 2465 petalorum
1082 2416 1263 2465 specifice
1288 2414 1443 2452 differre
1468 2412 1624 2450 videtur
1645 2413 1700 2459 (v.
1740 2422 1771 2449 s.

92 2476 131 2512 et
152 2486 190 2513 v.
219 2473 343 2525 cult.).

149 2628 206 2672 P.
237 2627 640 2684 polytrichum
668 2626 822 2685 <Boiss.
853 2636 894 2669 et
920 2626 996 2683 ΚΥ.
1023 2624 1171 2681 Diagn.
1203 2624 1292 2667 Ser.
1314 2623 1366 2676 ΙΙ,
1396 2621 1445 2676 V,
1471 2635 1526 2686 p..
1545 2618 1771 2685 14)·fotu¹·n

92 2684 192 2729 setis
218 2684 400 2743 copiosis
426 2685 670 2743 patentibus
698 2685 932 2738 hirsutum,
967 2683 1077 2727 foliis
1105 2682 1266 2726 ambitu
1307 2680 1552 2745 lanceoiatis
1587 2685 1772 2744 pinnati-

91 2742 187 2787 fidis
214 2743 390 2787 sectisve
417 2744 650 2801 segmentis
677 2743 934 2788 abbreviatis
960 2742 1110 2785 obtuse
1143 2740 1319 2804 Iobatis3
1346 2739 1495 2796 petalis
1523 2734 1772 2780 orbiculatls

90 2801 299 2846 coccineis
339 2801 500 2859 absque
540 2803 734 2856 macula,
778 2801 968 2845 antheris
1012 2799 1367 2855 ovato-globOSiS,
1406 2796 1576 2853 capsula
1612 2795 1773 2837 clavata

90 2860 472 2917 obovato-oblonga
497 2860 615 2904 disco
641 2860 925 2913 subconvexo,
953 2858 1093 2915 stigm.
1125 2855 1201 2900 7-8
1237 2862 1303 2908 Θ.

1546 2926 1566 2961 8
