2021 3235
917 176 1001 220 769

121 264 214 308 ticis
240 265 423 319 reflexis,
466 265 719 309 staminibus
747 267 921 309 exsertis
947 268 1055 311 lobis
1082 268 1186 312 disci
1213 269 1438 326 impositis,
1477 275 1662 319 antheris
1698 276 1797 318 sub-

120 323 559 435 iibkiissugatO-didymis
576 324 762 379 muticiS‚
783 325 897 382 stylis
914 327 1162 382 spathulatis
1180 328 1370 371 ovarium
1388 331 1610 374 dimidium
1633 348 1800 389 {equan-

179 453 281 492 Hab.
306 454 344 492 in
368 454 680 493 Transcaucasia
703 455 789 494 loco
815 467 891 493 non
915 456 1083 495 indicato
1112 457 1255 508 (Abich
1279 469 1325 495 ex
1349 457 1477 511 Bge.).

181 518 243 558 Ab
265 520 444 559 affinibus
468 522 633 559 racemis
669 522 813 560 crassis
847 522 1088 560 densissimis
1117 519 1220 576 ³s4-1
1260 524 1441 573 pollicem
1480 530 1626 564 tantum
1660 529 1800 578 longis,

124 579 329 618 filamentis
352 581 485 629 petala
506 581 780 629 superantibus
803 581 1071 630 dignoscenda
1093 580 1201 632 (Non
1224 581 1336 634 vidi).

182 734 236 777 T.
269 733 664 779 Szowitsiana
700 735 864 792 (Buuge
892 737 970 779 loc.
1002 736 1070 780 cit.
1102 753 1145 795 p.
1177 737 1249 794 26)
1281 739 1428 794 glabra
1453 739 1615 794 viridis,
1649 741 1757 784 soliis
1785 756 1807 783 a

126 790 217 834 basi
259 791 442 835 breviter
482 796 696 836 attenuata
731 794 990 848 lanceolatis,
1036 797 1215 840 racemis
1243 797 1540 840 subsessilibus
1567 798 1808 856 cylindricis

127 849 391 904 laxiusculis,
420 851 603 894 bracteis
629 852 857 909 pedicellos
884 854 1024 910 calyce
1051 854 1115 896 vix
1142 855 1358 898 breviores
1386 857 1708 913 supe1·antibUS‚
1737 871 1809 913 pe-

129 909 221 952 talis
254 909 447 966 ellipticis
480 910 653 953 demum
687 910 871 965 reflexis,
915 912 1168 956 staminibus
1208 914 1346 970 petala
1386 928 1471 957 non
1514 915 1812 958 excedentibus

128 967 218 1011 basi
245 967 417 1011 dilatata
443 968 610 1024 angulis
637 968 742 1011 disci
768 969 993 1026 impositis,
1022 971 1212 1015 antheris
1239 971 1475 1028 apiculatis‚
1495 973 1609 1030 stylis
1635 973 1812 1030 subspa-

128 1025 301 1069 thulatis
327 1026 504 1070 dimidio
531 1027 675 1070 ovario
701 1027 970 1072 brevioribus
997 1034 1036 1080 ὅ.

134 1153 174 1206 (S
189 1097 291 1135 Hab.
314 1097 353 1134 in
378 1099 526 1146 campis
550 1098 666 1136 salsis
691 1099 740 1136 ad
763 1111 906 1147 pagum
928 1099 1139 1138 Schabanli
1163 1100 1274 1139 distr.
1300 1100 1405 1139 Khoi
1428 1113 1541 1150 prov.
1571 1101 1814 1151 Aderbidjan

177 1156 315 1206 zowl).

190 1224 347 1264 Racemi
371 1226 580 1274 pollicares
601 1227 672 1265 sub
696 1226 847 1265 anthesi
866 1223 972 1280 ³s⁴·1
1000 1228 1142 1266 lineam
1167 1228 1302 1278 crassi,
1322 1227 1442 1268 facies
1464 1230 1500 1267 T.
1527 1230 1732 1268 tetrandroe
1747 1230 1816 1267 sed

132 1287 268 1322 cortex
288 1282 458 1332 pallidus
485 1288 523 1323 et
546 1285 642 1324 folia
664 1286 838 1334 margine
862 1298 936 1325 non
963 1285 1228 1336 cartilaginea.

192 1443 247 1486 Τ.
279 1443 592 1488 tetrandra
636 1443 756 1499 (Pall.
787 1444 879 1487 Ind.
910 1443 1059 1501 Taur.)
1101 1443 1248 1500 glabra
1291 1443 1454 1497 viridis,
1495 1442 1649 1486 cortice
1676 1443 1813 1500 nigra,

135 1498 244 1543 foliis
270 1500 360 1544 basi
389 1501 575 1545 breviter
601 1501 765 1545 adnatis
791 1501 1037 1545 lanceolatis
1064 1502 1255 1558 margine
1283 1501 1816 1559 diaphano-cartilagineis

134 1558 287 1613 acutis,
329 1560 508 1603 racemis
549 1560 852 1604 subsessilibus
890 1560 1148 1613 laxiusculis‚
1192 1560 1375 1603 bracteis
1414 1559 1641 1617 pedicellos
1675 1560 1815 1617 calyce

135 1616 311 1661 dimidio
338 1619 556 1662 breviores
583 1619 906 1676 superantibus,
941 1619 1087 1675 petalis
1115 1618 1510 1675 elliptico-oblongis
1537 1617 1814 1683 erectis-sub-

131 1675 472 1732 persistentibus,
500 1677 728 1721 filamentis
753 1678 861 1721 lobis
889 1677 1040 1720 retusis
1068 1676 1170 1720 disci
1189 1676 1413 1733 impositis,
1443 1676 1633 1719 antherls
1651 1683 1814 1719 minute

132 1734 375 1791 apiculatis,
417 1735 534 1793 stylis
575 1736 743 1779 clavatis
783 1742 821 1787 5.
872 1736 916 1778 Τ.
947 1736 1157 1791 Africana
1183 1735 1291 1792 Bory
1319 1741 1356 1777 et
1384 1734 1545 1778 Chaub.
1574 1733 1634 1776 Fl.
1666 1733 1808 1791 Pelop.

132 1806 217 1836 non
244 1793 357 1837 Desf.

189 1863 288 1903 Hab.
313 1865 351 1901 in
375 1864 583 1912 paludibus
606 1863 867 1912 Peloponnesi
891 1863 941 1901 ad
965 1863 1084 1911 Pylos
1110 1865 1148 1900 et
1171 1861 1426 1900 Marathonisi
1451 1860 1574 1911 (Bory
1589 1858 1626 1912 l),
1656 1860 1706 1898 ad
1727 1860 1805 1910 Xy-

132 1923 300 1961 locastro
320 1919 447 1976 (Orph
463 1916 505 1973 i),
525 1924 575 1961 ad
594 1923 769 1962 Vostitza
786 1922 925 1970 (Heldr
940 1922 981 1973 ἔ),
1004 1921 1195 1959 Anatoliae
1216 1922 1266 1959 ad
1286 1920 1450 1960 Ouchak
1469 1920 1651 1968 Phrygiae
1669 1918 1812 1970 (Ball),

131 1981 182 2019 ad
206 1981 295 2021 fluV.
321 1981 539 2021 Guzeldere
574 1981 719 2021 Ciliciae
754 1982 851 2034 (Bal.
878 1982 967 2020 exs!
992 1981 1063 2018 sub
1090 1979 1127 2018 Τ.
1151 1980 1426 2030 Ηανηρεαηᾶ),
1464 1978 1585 2027 Cypri
1624 1978 1708 2027 (Ky
1731 1990 1813 2017 exs.

132 2038 276 2092 2560,
303 2042 496 2091 Bithyniae
521 2036 746 2092 (Thirke!)‚
770 2041 926 2079 Tauriae
949 2039 1086 2078 merid.
1115 2041 1165 2078 ad
1191 2041 1336 2078 rivulos
1361 2039 1524 2089 (Pallas,
1548 2034 1742 2090 Steven.).

190 2108 350 2147 Racemi
376 2105 533 2163 1¹l2-2
556 2109 766 2157 pollicares
791 2109 868 2146 illis
900 2108 1119 2156 specierum
1142 2106 1443 2155 praecedentium
1477 2105 1602 2152 paulo‘
1617 2106 1812 2142 tenuiores

135 2171 173 2205 et
194 2168 347 2216 species
371 2168 446 2207 hac
469 2169 564 2207 nota
586 2168 637 2206 ad
660 2167 929 2218 Leptobotryas
952 2165 1145 2206 accedens
1162 2166 1231 2204 sed
1253 2166 1301 2203 ob
1327 2165 1450 2213 stylos
1476 2164 1702 2212 plerumque
1720 2175 1811 2211 qua-

133 2230 266 2265 ternos
300 2230 338 2266 et
359 2227 499 2267 faciem
533 2227 609 2267 huc
639 2228 772 2276 potius
799 2226 1042 2266 collocanda.
1064 2223 1121 2263 Gt.
1158 2224 1301 2262 Steven
1325 2223 1510 2262 describit
1536 2223 1763 2260 varietatem
1792 2233 1812 2258 e

132 2285 282 2324 Tauria
317 2286 532 2326 albifloram
569 2290 608 2326 et
642 2285 834 2325 interdum
874 2286 1070 2334 trigynam
1095 2295 1178 2333 quae
1217 2283 1348 2322 forsan
1386 2282 1435 2319 ad
1478 2281 1516 2319 T.
1550 2281 1810 2330 parvisloram

134 2345 336 2384 transitum
359 2347 521 2395 praebet.

698 2508 718 2565 g
748 2507 791 2550 4.
827 2507 1251 2563 Leptobotryae.

685 2632 709 2655 ἃ
742 2632 882 2672 Flores
907 2632 1038 2681 plures
1059 2630 1272 2669 tetrameri.

196 2772 251 2815 Τ.
269 2771 596 2827 parvissora
621 2771 706 2826 (nc.
738 2769 886 2812 Prodr.
918 2767 992 2820 111,
1020 2780 1062 2824 p.
1093 2764 1343 2830 {lv-glabra
1367 2762 1513 2805 viridis
1540 2762 1601 2804 vel
1625 2762 1819 2826 glauces-

141 2842 254 2882 cens,
299 2828 456 2873 cortice
488 2831 725 2886 purpurea,
767 2826 878 2870 foliis
905 2821 1387 2887 semiamplexicaulibus
1414 2820 1658 2885 lanceolatts
1685 2826 1820 2883 acutis

142 2887 333 2944 margine
369 2885 764 2943 subcartilagineis,
803 2883 983 2928 racemis
1010 2880 1310 2926 subsessilibus
1337 2879 1535 2921 brevibus
1562 2878 1818 2928 minusculis,

1584 2965 1627 3000 49
