2021 3235
1052 127 1137 171 676

306 223 406 261 Hab.
431 223 469 260 in
490 223 690 261 cacumine
708 222 839 260 Tmoli
858 233 977 270 supra
993 222 1182 270 Bozdagh
1199 222 1236 259 in
1256 222 1385 272 Lydia
1403 220 1534 277 (Boiss
1553 225 1560 261 ἱ
1580 224 1666 262 Bal.
1688 237 1768 264 exs.
1790 224 1876 265 115
1895 226 1938 277 l),

245 281 304 320 Fl.
328 286 411 321 aest.

305 349 444 387 Facies
470 347 691 393 Cherlerioe‚
718 348 813 385 folia
839 343 922 401 1¹l4
949 347 1090 384 lineam
1114 350 1262 386 tantum
1289 349 1420 397 longa.
1445 349 1585 388 Diffcrt
1609 351 1658 388 ab
1687 349 1732 388 A.
1762 353 1910 390 conden
1930 375 1940 380 -

243 409 330 447 sata
356 408 486 447 Sicula
511 404 618 462 (quae
639 408 774 446 formis
792 406 836 444 A.
857 418 1027 445 recurvoe
1051 418 1205 456 quoque
1228 408 1537 459 adnumeranda)
1563 409 1666 447 foliis
1691 411 1934 450 brevissimis

246 468 479 518 regulariter
505 473 543 506 et
568 467 847 517 quadrifariam
882 467 1120 516 imbricatis,
1146 466 1292 515 sepalis
1320 468 1626 518 angustioribus,
1655 470 1786 508 nervis
1811 483 1939 520 aequa-

244 527 346 566 libus
369 539 442 566 nec
463 527 586 565 tribus
606 527 875 565 validioribus.

837 666 856 723 ᾗ
882 665 924 708 4.
961 666 1345 721 Tryphaneae.

300 792 361 835 A.
395 803 583 835 verna
611 790 673 846 (L.
706 790 833 833 Mant.
864 804 905 847 p.
937 788 992 832 72
1026 789 1104 832 sub
1131 789 1362 847 Arenaria)
1391 789 1599 846 cespitosa
1627 791 1934 846 ramosissima,

241 850 388 905 glabra
416 850 478 892 vel
505 850 599 906 plus
626 848 768 891 minus
795 848 1201 905 glanduloso-hirta,
1230 848 1339 891 foliis
1366 847 1751 892 lineari-subulatis
1780 851 1935 893 triuer-

240 908 317 951 viis
344 907 561 951 bisulcatis
595 907 897 950 obtusiusculis
924 906 1103 959 strictis,
1139 907 1268 949 ramis
1303 906 1500 950 ssoriferis
1539 907 1834 965 corymbiferis
1862 923 1929 952 ra-

241 967 329 1010 rius
357 966 571 1021 unissoris,
599 965 815 1023 pedicellis
833 965 1106 1023 capillaribus
1123 966 1260 1023 calyce
1280 965 1562 1022 longioribus,
1591 966 1744 1023 sepalis
1762 968 1930 1011 lanceo-

239 1025 333 1068 latis
361 1025 613 1068 acuminatis
639 1024 873 1078 trinerviis,
902 1024 1051 1081 petalis
1077 1024 1168 1067 basi
1185 1025 1370 1068 breviter
1389 1031 1429 1067 et
1445 1024 1623 1080 abrupte
1641 1026 1927 1081 unguiculatis

239 1083 371 1127 ovalis
411 1083 713 1127 obtusiusculis
754 1084 938 1141 calycem
979 1083 1330 1139 subaequantibus
1371 1084 1433 1125 vel
1477 1084 1603 1139 paulo
1642 1083 1926 1139 longioribus,

239 1142 473 1185 seminibus
502 1142 664 1186 minute
690 1141 968 1185 tuberculatis
994 1142 1057 1184 vel
1076 1141 1283 1185 echinatis
1311 1150 1371 1191 26.
1394 1141 1527 1184 Rchb.
1548 1141 1619 1197 fig.
1640 1141 1769 1186 4929.
1790 1144 1920 1187 Aren.

237 1202 438 1258 cespitosa
460 1201 592 1244 Ehrh.
621 1201 753 1244 Aren.
786 1200 968 1245 Gerardi
995 1199 1138 1243 Willd.

295 1264 396 1302 Hab.
423 1264 462 1302 in
487 1264 679 1302 montanis
703 1267 741 1302 et
764 1264 905 1312 alpinis
930 1262 1147 1301 Thessaliae
1181 1263 1220 1300 in
1246 1261 1415 1311 Olympo
1441 1263 1580 1309 (Heldr
1596 1261 1650 1314 !)‚
1686 1263 1925 1302 Macedoniae

236 1324 274 1360 in
288 1323 435 1362 Scardo
463 1322 682 1373 (Grisebl)
707 1328 744 1361 et
768 1323 893 1361 Athos
918 1316 1098 1376 (Grisebl
1129 1316 1297 1372 Orphl),
1328 1321 1494 1361 Caucasi
1516 1322 1554 1359 in
1576 1323 1665 1371 alpe
1689 1323 1924 1372 Tufandagh

236 1380 495 1435 (C.A.Mey!).
1322 1396 1326 1400 ·

295 1443 431 1480 Variat
461 1442 621 1479 multum
651 1441 900 1491 indumento,
934 1452 981 1479 ex
1006 1442 1176 1479 statione
1200 1441 1287 1489 plus
1325 1441 1449 1479 minus
1473 1441 1579 1479 elata
1601 1442 1841 1490 compactior
1864 1454 1922 1480 ra-

236 1502 308 1540 mis
331 1501 572 1541 abbreviatis
597 1501 847 1540 subunifloris
872 1501 934 1538 vel
958 1501 1084 1539 laxior
1107 1500 1225 1538 ramis
1251 1500 1460 1549 elongatis.

292 1568 338 1622 β.
368 1566 641 1623 acutipetala.
674 1565 806 1622 Major
831 1564 981 1618 laxior,
1010 1564 1109 1608 solia
1135 1563 1327 1607 acutiora
1352 1578 1463 1621 saepe
1490 1564 1758 1618 abbreviata,
1787 1565 1920 1608 axillae

235 1625 383 1668 crebre
411 1624 721 1677 fasciculiferae,
750 1624 858 1667 rami
885 1622 1134 1681 paniculati,
1164 1624 1300 1679 petala
1325 1623 1762 1679 oblongo-lanceolata
1779 1630 1917 1666 acuta.

232 1684 284 1727 A.
316 1684 459 1728 Attica
484 1683 616 1726 Boiss.
648 1690 688 1726 et
715 1682 869 1740 Sprun.
901 1682 1051 1739 Diagn.
1082 1681 1171 1724 Ser.
1202 1681 1236 1735 1,
1266 1681 1314 1734 V,
1342 1696 1382 1739 p.
1414 1681 1484 1724 84.

291 1756 390 1793 Hab.
418 1755 455 1792 in
478 1755 631 1793 saxosis
651 1755 824 1803 regionis
848 1754 987 1803 alpinae
1009 1759 1047 1791 et
1073 1755 1264 1791 montanae
1289 1764 1391 1802 saepe
1421 1749 1621 1792 calidioris
1646 1752 1826 1802 Graeciae,
1851 1754 1919 1792 At-

232 1815 310 1853 tica
334 1816 371 1853 in
398 1815 594 1853 montibus
617 1813 824 1864 Hymetto,
862 1815 1007 1852 Parnes
1042 1816 1079 1850 et
1112 1812 1314 1851 Pentelico
1350 1809 1527 1863 (Sprunl
1563 1813 1700 1851 Boiss!
1736 1813 1918 1865 Heldr!)‚

230 1874 447 1913 Parnassus
469 1874 625 1923 (Heldrl
641 1871 669 1925 )‚
695 1873 878 1911 Laconiae
900 1873 938 1910 in
961 1872 1114 1910 Malevo
1139 1875 1178 1909 et
1197 1871 1380 1921 Taygeto
1406 1867 1563 1926 (Orphl
1588 1870 1758 1921 Heldr!)
1773 1903 1782 1923 ,
1808 1884 1918 1911 mons

230 1932 376 1973 Olenos
400 1933 596 1984 (Heldr!)‚
625 1933 743 1971 Creta
766 1933 804 1970 in
826 1933 1022 1971 montibus
1046 1931 1306 1980 Sphacioticis
1330 1927 1528 1987 (Heldrl).
1557 1931 1616 1969 Fl.
1642 1943 1747 1970 vere.

287 1993 425 2032 Petala
446 1992 637 2031 interdum
660 1992 885 2030 acutissima
907 1991 977 2030 sed
1002 1990 1136 2029 formis
1159 1990 1400 2029 intermediis
1435 1990 1620 2042 (SiculiS,
1650 1989 1798 2030 Graecis
1823 2003 1915 2029 non-

227 2053 360 2104 nullis)
385 2052 437 2090 ad
462 2055 598 2100 typum
620 2051 836 2090 redeuntia.

284 2110 359 2152 Ar.
391 2115 552 2160 Greogr.
585 2111 757 2160 Europa,
782 2109 918 2148 Africa
944 2108 1127 2159 borealis,
1153 2109 1251 2147 Asia
1274 2108 1459 2147 borealis.

282 2267 344 2310 A.
362 2263 799 2310 umbellulifera
826 2261 975 2318 (Boiss.
1007 2268 1048 2304 et
1074 2260 1159 2304 Bal.
1190 2260 1339 2316 Diagn.
1371 2259 1460 2303 Ser.
1492 2261 1545 2314 ΙΙ,
1574 2261 1621 2314 V,
1651 2274 1691 2317 p.
1723 2259 1795 2318 61)
1822 2275 1912 2305 ces-

224 2325 359 2382 pitosa
377 2322 685 2375 ramosissima,
715 2320 825 2364 foliis
843 2319 1000 2377 glabris
1019 2319 1204 2363 tenuiter
1220 2319 1426 2362 subulatis
1445 2319 1747 2362 obtusiusculis
1764 2319 1913 2363 obtuse

223 2380 676 2427 carinato-uninerviis
711 2393 833 2423 secus
861 2392 1002 2422 ramos
1029 2378 1194 2421 steriles
1220 2378 1371 2421 breves
1398 2385 1513 2421 arcte
1550 2377 1764 2435 adpressis
1791 2392 1913 2422 secus

224 2456 365 2485 ramos
391 2440 603 2483 floriferos
636 2437 898 2481 brevissimis
935 2437 1135 2490 remotis,
1175 2436 1306 2480 ramis
1342 2436 1605 2493 simplicibus
1641 2436 1913 2480 filisormibus

221 2500 486 2543 umbellatim
515 2497 586 2541 3-5
612 2496 731 2540 ssoris
748 2532 757 2550 ,
785 2495 1000 2553 pedicellis
1027 2495 1288 2552 glandulosis
1316 2495 1501 2552 calycem
1529 2495 1816 2552 aequantibus,
1846 2509 1911 2538 se-

220 2560 326 2616 palis
353 2557 614 2614 glandulosis
641 2553 976 2610 ovato-oblongis
1004 2554 1138 2597 acutis
1166 2553 1361 2597 elevatim
1388 2553 1618 2605 trinerviis,
1647 2553 1795 2610 petalis
1813 2553 1912 2597 obo-

220 2615 534 2671 vato-oblongis
560 2614 650 2657 basi
678 2613 836 2657 sensim
864 2612 1098 2668 angustatis
1126 2613 1267 2670 calyce
1286 2612 1415 2668 duplo
1432 2611 1718 2669 longioribus,
1739 2613 1911 2669 capsula

220 2677 358 2733 calyce
386 2673 676 2729 sublongicre,
708 2671 942 2714 seminibus
970 2670 1218 2714 tenuissime
1246 2670 1521 2713 tuberculatis
1558 2678 1618 2720 26.

277 2748 380 2785 Hab.
407 2747 445 2783 in
469 2745 631 2794 regione
654 2744 785 2791 alpina
808 2743 929 2782 Tauri
953 2742 1103 2782 Cilicici
1128 2755 1247 2791 supra
1269 2741 1610 2790 Bulgharmaaden
1639 2741 1723 2793 (Bal
1737 2742 1779 2792 !).

275 2807 389 2844 Folia
410 2806 455 2843 A.
480 2808 635 2842 setaceoe
659 2803 729 2841 sed
751 2802 875 2850 magis
902 2802 1051 2851 stricta,
1077 2802 1172 2839 rami
1193 2801 1353 2839 floriferi
1377 2799 1452 2841 45
1478 2802 1701 2850 pollicares,
1729 2801 1844 2849 calyx
1863 2813 1908 2838 eo

217 2866 262 2904 A.
286 2876 410 2904 vernoe
433 2865 592 2903 brevior
615 2866 653 2900 et
675 2862 865 2900 obtusior.
892 2861 954 2900 Ab
980 2861 1026 2899 ea
1050 2861 1337 2899 inflorescentia
1356 2860 1643 2911 umbelliformi,
1665 2861 1769 2899 foliis
1793 2860 1906 2898 subu-

219 2926 307 2963 latis
333 2923 560 2968 unincrviis‚
586 2921 726 2970 petalis
753 2917 997 2969 longioribus
1022 2919 1156 2958 formae
1178 2920 1343 2958 diversae
1369 2919 1580 2975 distincta.-
