2021 3235
170 59 272 97 Hab.
295 59 333 96 in
356 57 472 106 Syria
508 56 560 95 ad
591 55 776 94 Sidonem
803 50 891 106 (ΒΗ
924 50 1054 94 Gaill!
1083 56 1160 105 Ky.
1187 67 1270 95 exs.
1300 55 1388 97 655
1411 58 1461 105 ἵ),
1501 58 1711 97 Palaestina
1744 60 1793 97 ad

111 118 313 167 Naplouse
338 117 388 155 ad
418 117 529 155 basin
559 115 699 154 montis
726 114 896 154 Garizim
931 116 1116 165 <Boiss!)‚
1155 115 1331 164 AEgypto
1361 128 1485 165 prope
1515 118 1794 156 Alexandriam

112 176 304 228 (Ehrenb.
337 187 386 214 ex
409 174 598 223 Hamm.).

170 242 309 281 Flores
323 243 380 280 eis
396 241 674 292 F.capreolatoe
695 241 812 289 paulo
837 240 1007 278 minores
1032 240 1153 278 albidi
1176 240 1290 289 apice
1312 242 1507 291 maculati,
1534 242 1655 281 caulis
1682 253 1793 280 scan-

111 302 227 351 dens,
250 314 329 340 nux
353 302 476 340 minor
501 303 548 339 ea
570 301 609 339 F'.
629 311 884 349 macrooarpae
910 299 971 338 cui
995 299 1141 348 sepalis
1165 300 1321 337 minutis
1345 300 1471 338 affinis
1495 304 1556 339 est
1579 301 1649 338 sed
1684 301 1793 349 pedi-

112 361 201 399 celli
225 361 441 410 tenuiores,
470 361 639 399 braoteae
664 360 878 408 breviores,
905 358 1052 397 fructus
1077 355 1531 406 compresso-carinatus.

598 501 630 553 †
660 504 687 551 ἦ·
717 501 862 551 Sepala
884 501 1045 541 corollae
1067 501 1261 550 aequilata.

167 625 224 668 P.
251 623 603 668 Gaillardoti
626 622 791 666 laciniis
818 622 1013 678 oblongis
1038 623 1218 675 obtusis,
1259 623 1439 665 racemis
1466 623 1640 664 demum
1668 621 1795 674 laxis,

111 681 262 740 sepalis
289 681 482 738 oblongis
509 681 643 725 acutis
668 681 759 725 basi
787 681 968 724 dentatis
995 681 1152 725 corolla
1169 680 1347 724 dimidio
1365 680 1650 733 brevioribus,
1678 680 1799 722 brac-

111 741 189 784 teis
216 739 420 798 pedicello
448 740 666 784 fructifero
693 738 1020 797 erecto-patenti
1048 738 1187 782 rarius
1222 739 1478 782 subcurvato
1514 738 1796 795 longioribus,

111 799 250 843 fructu
275 799 450 854 globoso
484 797 943 856 compresso-carinam
978 798 1130 841 obtuso
1165 798 1462 841 mucronulato
1503 797 1797 840 tuberculato-

115 871 272 914 rugoso
302 863 368 909 Ε).

170 929 271 968 Hab.
295 929 334 966 in
355 928 468 966 cultis
493 928 541 966 ad
560 927 745 966 Sidonem
766 927 890 976 Syriae
914 926 1036 978 (Gaill
1052 920 1101 980 !).

170 997 308 1035 Flores
330 997 468 1046 pallidi
492 997 605 1044 apice
626 996 965 1045 nigro-maculati;
990 996 1143 1035 accedit
1166 995 1215 1032 ad
1242 994 1287 1034 F.
1313 995 1559 1044 [labellamm
1586 993 1710 1043 Gasp.
1730 993 1800 1031 sed

111 1057 240 1095 differt
262 1057 431 1095 bracteis
450 1056 643 1105 pedicello
664 1056 911 1105 longioribus
937 1067 1010 1094 nec
1033 1054 1291 1094 brevissimis.

345 1241 507 1290 ORD.
543 1242 634 1289 Vl.
663 1241 1100 1292 CRUCIFERAE.
1132 1243 1265 1292 Juss.
1295 1242 1417 1290 Gen.
1447 1239 1580 1290 257.

172 1422 316 1466 Flores
343 1422 575 1480 saepissime
603 1424 836 1479 regulares.
867 1423 991 1481 Calyx
1016 1423 1044 1466 4
1061 1425 1230 1481 sepalus
1247 1422 1403 1479 saepius
1419 1422 1622 1465 caducus.
1655 1421 1799 1464 Petala

115 1480 143 1523 4
159 1481 379 1525 cruciatim
408 1481 624 1539 disposita.
656 1481 842 1525 Stamina
872 1480 897 1524 6
925 1482 1149 1540 hypogyna
1175 1481 1203 1524 4
1228 1480 1424 1537 longiora
1450 1479 1604 1537 sepalis
1630 1481 1803 1536 placen-

115 1540 235 1583 tariis
260 1539 286 1582 2
313 1540 508 1583 breviora
535 1540 688 1598 sepalis
714 1540 952 1584 valvaribus
979 1540 1187 1598 opposita.
1218 1539 1418 1583 Ovarium
1445 1538 1471 1581 9
1496 1537 1692 1595 carpellis
1709 1552 1805 1581 coa-

114 1598 198 1655 litis
225 1606 422 1642 constans
450 1598 682 1642 biloculare
706 1600 772 1642 vel
803 1599 1068 1642 uniloculare
1085 1600 1201 1657 “stylo
1229 1604 1270 1641 et
1296 1597 1491 1653 stigmate
1528 1596 1696 1652 integro
1732 1598 1800 1639 vel

116 1656 258 1700 bilobo
299 1664 562 1714 superatum.
608 1657 739 1701 Ovula
785 1671 833 1700 ex
874 1657 1080 1715 placentis
1119 1656 1366 1700 lateralibus
1404 1654 1805 1698 intravalvularibus

117 1716 437 1773 campylotropa
463 1716 526 1759 vel
553 1715 822 1773 amphitropa
848 1729 1080 1759 numerosa
1110 1715 1249 1759 rarius
1280 1729 1431 1772 pauca.
1472 1713 1652 1756 Fructus
1688 1713 1805 1756 elon-

117 1780 238 1830 gatus
266 1773 450 1831 (siliqua)
478 1776 539 1817 vel
567 1774 707 1818 brevis
734 1774 952 1831 (silicula),
991 1773 1270 1817 unilocularis
1309 1772 1579 1816 indehiscens
1613 1773 1676 1815 vel
1703 1771 1805 1814 arti-

118 1833 282 1876 culatus
308 1839 547 1876 transverse
574 1840 762 1890 septatus
789 1834 851 1876 vel
879 1833 1035 1890 saepius
1062 1831 1307 1876 bilocularis
1334 1831 1462 1874 valvis
1488 1830 1656 1873 duabus
1690 1844 1807 1873 sece-

118 1891 314 1934 dentibus
340 1890 580 1934 dehiscens.
615 1891 786 1935 Semina
818 1891 1154 1945 exalbuminosa,
1183 1891 1361 1955 cmbryo
1388 1897 1587 1932 curvatus
1614 1888 1805 1931 radicula

119 1949 171 1992 ad
188 1949 460 2007 cotyledones
477 1949 647 1993 reflexa.
660 1950 879 1993 —Herbae
896 1950 960 1992 vel
978 1949 1218 1993 suffrutices
1236 1948 1345 1992 foliis
1362 1947 1595 2005 saepissime
1613 1946 1801 1989 alternis.

118 2006 303 2051 —Ordo
329 2008 448 2051 valde
474 2008 680 2052 naturalis
706 2014 747 2052 et
768 2007 864 2051 ideo
886 2007 1208 2055 characteribus
1225 2005 1494 2063 gravioribus
1511 2005 1807 2048 deficientibus

118 2067 182 2109 vel
216 2080 302 2109 non
337 2073 401 2109 sat
434 2066 571 2110 firmis
606 2066 651 2110 in
687 2067 824 2110 tribus
858 2066 967 2110 hene
992 2066 1337 2123 circumscriptas
1378 2077 1492 2121 aegre
1533 2063 1799 2106 dividendus.

118 2124 421 2182 Monographia
449 2131 581 2168 totum
607 2125 803 2169 ordinem
830 2126 1089 2182 amplectens
1116 2132 1157 2168 et
1182 2138 1268 2168 non
1295 2124 1431 2166 solum
1458 2125 1673 2165 structura
1690 2121 1804 2164 fruc-

119 2189 186 2226 tus
213 2189 254 2226 et
279 2182 476 2237 seminis,
505 2183 578 2227 sed
605 2183 731 2227 etiam
760 2183 866 2241 septi
892 2183 1113 2240 hucusque
1140 2182 1268 2226 nimis
1294 2180 1473 2238 neglecti
1501 2180 1688 2223 innitens
1715 2193 1806 2222 ma-

119 2242 230 2284 xime
266 2241 563 2285 desideranda.
616 2241 872 2299 Conspectus
914 2255 1097 2298 sequens
1138 2240 1266 2285 nimis
1308 2238 1541 2283 artificialis
1576 2237 1807 2281 Cruciferis

121 2299 399 2345 orientalibus
427 2307 591 2344 tantum
617 2301 918 2344 accomodatus
945 2307 1023 2344 est.

498 2475 734 2532 Dispositio
768 2476 1095 2532 Cruciferarum
1128 2473 1434 2518 Orientalium.

474 2625 809 2675 SUBORDO
841 2626 887 2674 Ι.
933 2623 1453 2674 PLATYLOBEAE.

186 2742 462 2800 Cotyledones
487 2742 834 2800 plano-convexae
862 2739 1034 2797 (Confer
1063 2738 1307 2795 Conrinyioe
1341 2736 1504 2796 species
1539 2735 1801 2789 nonnullas).
