2021 3235
929 142 1011 185 677

184 236 229 289 β.
259 234 563 290 depauperata.
596 233 716 276 Rami
743 231 822 275 1-3
849 233 960 275 ssori.

186 305 286 342 Hab.
313 304 351 340 in
381 304 540 351 regione
563 304 696 351 alpina
719 303 860 340 montis
886 302 1055 352 Akdagh
1080 303 1213 351 Lyciae
1248 303 1409 353 (Bourg.
1437 318 1517 344 exs.
1549 308 1618 344 sub
1644 306 1691 344 A.
1718 309 1808 356 pal-

127 363 258 403 vinarz'
281 363 398 414 vain).

184 532 246 574 A.
278 529 619 585 iuniperina
653 528 797 584 (Fenzl
831 528 963 571 Alsin.
1005 543 1044 585 p.
1084 527 1151 585 18)
1189 530 1396 586 cespitosa
1432 533 1664 576 caudiculis
1691 549 1809 591 pros-

127 588 246 632 tratis
273 588 487 631 inlerdum
515 586 722 629 induratis
750 587 801 629 ad
828 587 962 629 nodos
990 587 1179 639 tumidis,
1209 589 1339 632 ramis
1366 590 1520 634 strictis
1547 592 1810 649 simplicibus

127 660 296 705 cymose
323 645 634 703 corymbiferis,
663 644 880 702 pedicellis
898 645 1219 689 subumbellatis
1237 648 1376 704 calyce
1394 649 1675 705 longioribus,
1701 651 1810 695 foliis

125 704 332 749 subulatis
359 703 624 767 mucronatis
645 704 795 747 obtuse
823 703 1024 746 carinatis
1051 704 1366 748 subuninerviis
1393 708 1547 763 saepius
1574 708 1722 763 rigidis
1742 724 1809 752 re-

126 763 263 807 curvis
291 763 430 806 rarius
457 762 611 805 strictis
638 761 843 806 emortuis
870 762 1195 818 persistentibus
1212 798 1221 815 ,
1257 765 1410 820 sepelis
1441 766 1683 809 lanceolatis
1711 782 1810 811 aeu-

127 821 296 865 minatis
323 820 516 865 elevatim
542 820 780 873 trinerviis,
814 820 962 877 petalis
996 821 1363 865 lineari-cuneatis
1398 825 1536 882 calyce
1573 825 1809 882 sesquilon-

124 881 316 937 gioribus
335 916 344 934 ,
379 879 549 937 capsula
577 878 981 937 cylindrico-coniczi
1008 880 1150 937 calyce
1178 881 1541 938 sesquilongiore‚
1576 883 1811 928 seminibus

126 939 203 982 sub
230 941 341 982 lente
367 937 616 981 tenuissime
641 937 1140 993 ruguloso-tuberculatis
1168 946 1227 987 26.
1258 939 1471 984 Arenaria
1488 942 1745 998 juniperina
1761 943 1806 986 L.

126 998 251 1041 Mant.
285 998 299 1040 1
327 1012 405 1040 nec
432 996 539 1054 Syst.
572 996 686 1054 (quae
714 1002 777 1039 est
802 996 855 1039 A.
886 996 1048 1053 verna).
1080 1023 1137 1027 ——
1161 996 1295 1039 Smith
1326 998 1438 1041 lcon.
1470 1000 1587 1043 lned.
1618 1001 1704 1043 tab.
1735 1000 1805 1044 35.

127 1083 178 1088 —
206 1057 335 1100 Aren.
365 1056 522 1098 nodosa
554 1055 662 1113 Bory
704 1062 744 1097 et
779 1053 940 1097 Chaub.
979 1055 1040 1097 F-l.
1073 1055 1214 1112 Pelop.
1246 1069 1286 1112 p.
1318 1055 1396 1109 028,
1433 1058 1516 1101 tab.
1553 1057 1623 1101 15.
1659 1059 1812 1103 Glabra

126 1115 263 1158 rarius
290 1113 813 1171 glandulosc-pubescenS,
843 1113 1110 1170 semipedalis
1137 1115 1199 1156 vel
1226 1115 1447 1171 procerior
1464 1116 1642 1174 cespites
1660 1118 1812 1162 densos

124 1188 234 1230 saepe
261 1174 468 1217 diametro
494 1173 664 1230 pedales
682 1172 886 1225 formans,
906 1172 1007 1215 nodi
1025 1171 1150 1215 inser.
1172 1173 1459 1218 fasciculiseri.
1491 1174 1659 1232 Species
1676 1176 1810 1220 varia-

126 1232 222 1275 bilis
247 1231 368 1289 cujus
395 1232 552 1275 formas
579 1230 713 1287 magis
740 1231 947 1274 notabiles
975 1244 1197 1274 enumero.

186 1331 228 1354 α.
260 1309 466 1365 leyitima.
510 1307 663 1350 Glabra
695 1308 758 1350 vel
791 1307 1025 1364 puberula‚
1066 1307 1275 1350 caudiculi
1303 1308 1516 1362 indurati,
1550 1309 1649 1352 folia
1676 1309 1812 1366 rigida

124 1368 393 1411 subacerosa.

183 1438 282 1475 Hab.
310 1438 348 1474 in
371 1436 614 1484 rupestribus
639 1436 755 1474 siccis
778 1435 949 1484 regionis
975 1436 1139 1485 alpinae,
1166 1435 1327 1474 Graeoiae
1361 1437 1397 1474 in
1433 1438 1624 1475 montibus
1651 1437 1811 1486 Cyllene

127 1495 299 1548 (Heldr!
327 1493 457 1543 Orph!
488 1495 546 1532 Fl.
573 1494 641 1532 Gr.
666 1506 746 1532 exs.
770 1493 874 1544 231)
905 1498 942 1532 et
974 1495 1155 1544 Taygeto
1196 1496 1342 1545 (Boryl
1383 1493 1579 1551 Heldrl),
1620 1497 1811 1535 Anatoliae

127 1558 243 1594 totius
266 1557 303 1593 in
327 1555 494 1603 Olympo
515 1551 641 1607 (Clem
655 1548 701 1604 l),
728 1554 864 1603 Sipylo
884 1558 922 1592 et
938 1554 1090 1603 Mesogi
1122 1548 1299 1607 (Boissl),
1319 1555 1442 1603 Lycia
1458 1553 1654 1606 (Bourgl)‚
1680 1560 1809 1594 monte

128 1616 281 1654 Davros
318 1614 472 1652 Pisidiae
510 1610 738 1664 (Heldr!),
778 1614 919 1661 Argaeo
960 1612 1220 1661 Cappadociae
1259 1619 1296 1652 et
1333 1614 1464 1652 Tauro
1497 1614 1656 1654 Cilicico
1694 1615 1804 1665 (Kyt

123 1674 252 1725 Bau),
278 1675 475 1713 Cataoniae
497 1677 626 1711 monte
651 1673 879 1721 Berytdagh
905 1674 970 1711 alt.
997 1671 1137 1713 8000'
1164 1672 1405 1723 (Haussk!)‚
1432 1675 1619 1713 Armenia
1639 1675 1809 1715 ’ΠΜ-0103

122 1735 297 1781 (Tournl
324 1729 503 1786 Bourgl)
538 1736 576 1770 et
603 1733 768 1771 Rossica
788 1732 917 1782 (Szow
934 1731 964 1783 l)
981 1763 990 1778 ‚
1026 1733 1176 1772 Libano
1203 1739 1241 1771 et
1264 1734 1490 1772 Antilibano
1515 1730 1669 1788 (Boissl
1698 1735 1742 1771 Bl
1759 1729 1806 1785 l),

125 1794 321 1832 palestina
346 1793 383 1830 in
409 1793 603 1831 montibus
628 1791 826 1830 Nazareth
853 1791 914 1841 (Bl
930 1793 970 1842 1).
997 1793 1054 1830 Pl.
1082 1794 1239 1830 ineunte
1262 1797 1344 1830 aest.

180 1871 224 1924 β.
255 1869 524 1925 9100031030.
562 1868 712 1911 Omnia
745 1881 832 1910 var.
868 1869 1148 1924 praecedentis
1182 1870 1254 1912 scd
1288 1869 1603 1912 inflorescentia
1628 1870 1807 1926 glandu-

121 1929 224 1971 losa.
255 1930 306 1971 A.
336 1928 591 1985 ylandztlosa
618 1926 749 1969 Boiss.
782 1933 823 1969 et
850 1926 959 1970 Huet
985 1926 1132 1983 Diagn.
1163 1927 1251 1970 Ser.
1283 1928 1334 1980 ll,
1364 1928 1412 1981 V,
1440 1942 1482 1985 p.
1514 1927 1583 1970 61.

180 2000 280 2038 Hab.
308 2000 347 2037 in
370 2002 499 2037 monte
522 1998 740 2047 Techdagh
766 1998 960 2036 Armeniae
987 1998 1155 2047 (Hueti).

180 2092 220 2131 y.
250 2069 534 2126 qramlislora.
567 2067 719 2124 (Boiss.
749 2067 898 2123 Diagn.
929 2067 1017 2111 Ser.
1044 2068 1094 2121 ll,
1118 2068 1163 2122 V,
1183 2082 1224 2125 p.
1246 2067 1339 2125 61.)
1370 2068 1509 2111 Herba
1536 2081 1622 2110 var.
1655 2088 1696 2112 α.
1729 2068 1805 2111 Pe-

122 2129 203 2171 tala
231 2127 394 2185 majora
420 2128 559 2185 calyce
586 2127 714 2183 duplo
745 2126 954 2183 longiora.

180 2200 279 2238 Hab.
303 2201 342 2237 in
367 2202 495 2237 monte
518 2198 735 2247 Techdagh
760 2198 954 2236 Armeniae
981 2196 1099 2250 (Huet
1115 2197 1160 2248 !).

181 2273 219 2316 δ.
253 2271 492 2326 tenuisolz‘a.
524 2270 641 2313 Folia
668 2278 833 2312 setacea
861 2268 1001 2312 minus
1030 2269 1180 2325 rigida.
1213 2268 1454 2311 Transitum
1482 2268 1644 2325 praebet
1670 2282 1691 2310 a
1720 2269 1805 2311 for-

121 2330 199 2373 mis
227 2329 567 2387 praecedenlibus
595 2329 646 2372 ad
674 2335 938 2385 sequentem.

178 2400 280 2438 Hab.
302 2400 340 2437 in
361 2399 513 2438 fissuris
539 2399 689 2447 rupium
714 2398 835 2436 Tauri
858 2398 1022 2439 Isaurici
1048 2394 1233 2449 (Heldr!)
1262 2400 1300 2434 et
1321 2395 1469 2435 Cilicici
1491 2396 1573 2445 (Ky
1588 2388 1630 2445 !)‚
1658 2396 1804 2434 Antili-

120 2459 211 2497 bani
231 2460 269 2496 in
289 2459 483 2496 Hermone
507 2454 638 2506 (Boiss
655 2453 699 2509 !).

177 2549 209 2572 ε.
231 2529 402 2572 lineata.
433 2529 588 2572 Glabra
615 2529 676 2571 vel
703 2527 927 2584 puberula,
958 2527 1167 2570 caudiculi
1196 2534 1346 2569 tenues
1374 2526 1588 2579 herbacei,
1618 2525 1718 2568 folia
1743 2533 1805 2568 te-

122 2601 239 2630 nera.
269 2588 321 2630 A.
353 2588 514 2631 lineata
539 2586 734 2642 C.A.Mey
762 2585 805 2628 in
834 2587 987 2629 Ledeb.
1019 2585 1079 2627 Fl.
1112 2585 1231 2628 Ross.
1251 2584 1377 2626 -A.
1397 2585 1627 2627 Austriaca
1646 2583 1803 2627 C.A.M.

122 2646 272 2688 Enum.
303 2645 428 2689 Cauc.
447 2660 488 2702 p.
511 2645 594 2688 919
622 2659 706 2688 non
735 2644 820 2687 ΜΒ.
840 2645 964 2688 -*Α.
983 2644 1178 2687 Villarsz'z'
1207 2642 1328 2686 Fenzl
1355 2642 1398 2685 in
1427 2643 1580 2686 Ledeb.
1601 2642 1660 2684 Fl.
1682 2642 1803 2685 Ross.

121 2718 162 2761 p.
192 2703 276 2747 350
310 2712 350 2747 et
381 2705 511 2747 Boiss.
543 2703 691 2760 Diagn.
729 2703 817 2746 Ser.
851 2703 894 2757 Ι,
937 2702 1029 2745 Vlll
1049 2738 1058 2756 ,
1101 2717 1142 2759 p.
1174 2701 1272 2744 100.
1304 2727 1361 2732 -
1394 2702 1446 2744 A.
1478 2701 1808 2744 Heldreichiana

122 2762 253 2806 Boiss.
285 2762 328 2805 in
356 2763 500 2806 Heldr.
533 2763 588 2819 pl.
620 2776 704 2805 exs.

180 2834 280 2871 Hab.
304 2834 341 2870 in
366 2834 608 2882 rupestribus
633 2834 773 2871 montis
799 2832 1006 2881 Gheidagh
1030 2832 1151 2870 Tauri
1188 2832 1350 2869 Isaurici
1387 2831 1532 2880 (Heldr
1548 2824 1556 2866 !
1575 2827 1615 2882 ),
1642 2828 1809 2867 Caucasi

125 2888 269 2945 (MR),
295 2892 452 2932 ditionis
477 2893 649 2942 Talysch
673 2892 887 2944 (C.A.M.),
915 2893 1060 2930 Persiae
1083 2893 1166 2930 bor.
1193 2892 1229 2927 in
1256 2902 1363 2940 prov.
1392 2889 1633 2939 Adel-bidjan
1658 2888 1809 2939 (Auch.
