2021 3235
1045 124 1130 169 734

240 213 495 273 compressis
523 215 1003 259 obovato-orbiculatis
1039 217 1294 260 laeviusculis
1329 218 1410 261 late
1447 219 1570 263 alatis
1621 225 1680 267 26.
1726 221 1943 265 Arenaria

241 275 488 331 maryinata
515 288 581 318 Dc.
617 275 670 317 lc.
703 288 788 317 rar.
823 274 905 318 [ab.
929 274 1000 318 48.
1030 302 1089 306 -
1115 275 1191 318 Ar.
1213 276 1354 319 media
1384 277 1424 320 L.
1445 276 1515 335 Sp.
1550 276 1634 322 606
1661 280 1766 323 excl.
1789 294 1937 338 synon.

240 359 298 364 ——
323 333 471 376 Alaina
495 334 671 376 marina
698 333 839 377 Wahl.
871 332 994 377 Succ.
1026 333 1127 377 281.

301 403 418 442 Habi.
442 403 482 441 in
507 404 708 442 maritimis
732 407 770 441 et
793 404 1046 443 interioribus
1073 405 1186 442 salsis
1205 405 1447 445 Macedoniae
1473 404 1578 459 (Friv
1592 406 1633 458 1),
1660 419 1773 456 prov,
1791 407 1942 448 Cauca-

242 463 409 502 sicarum
447 463 496 500 ad
527 475 632 501 mare
659 462 843 511 Caspium
870 462 1155 514 (C.A.Mey!),
1189 465 1334 504 Persiae
1359 466 1456 504 bor!
1484 464 1701 520 (Buhse!)‚
1726 468 1944 517 Affghaniae

242 523 292 560 ad
314 523 438 560 Herat
463 522 616 573 (Bunge
631 522 672 574 1).

302 589 447 638 Sepala
470 590 554 627 basi
581 589 722 638 saepius
748 589 1020 638 eglandulosa.

302 655 378 696 Ar.
412 656 573 708 Geogr.
598 658 781 707 Europa,
806 657 942 696 Africa
961 659 1158 709 borealis,
1192 658 1338 698 Sibiria
1359 659 1534 707 Altaica,
1560 661 1744 701 America
1766 662 1938 702 borealis

243 722 281 756 et
301 718 499 767 australis,
519 718 650 756 Prom.
675 718 795 756 Bonae
817 717 923 765 Spei.

597 967 793 1014 ORDO
839 968 983 1017 XIV.
1028 968 1584 1019 PARONYCHIEAE.

713 1074 897 1121 St-Hil.
943 1076 1088 1122 Mem.
1122 1075 1260 1124 Plac.
1301 1094 1348 1139 p.
1387 1074 1475 1124 56.

300 1264 443 1307 Flores
473 1263 706 1319 regulares.
744 1261 865 1319 calyx
892 1261 918 1305 5
947 1262 1085 1305 rarius
1119 1262 1146 1305 4
1173 1262 1354 1320 partitus
1380 1262 1642 1306 aestivatione
1669 1260 1936 1316 imbricatim,

239 1324 487 1380 persistens.
511 1322 651 1365 Petala
669 1320 843 1364 totidem
869 1334 980 1377 saepe
997 1335 1126 1378 parva
1144 1321 1361 1365 interdum
1379 1320 1707 1365 staminiformia
1726 1321 1787 1363 vel
1805 1321 1937 1375 nulla,

240 1381 370 1439 calyci
397 1382 557 1425 inserta
594 1381 771 1438 ejusque
799 1379 963 1422 laciniis
992 1381 1170 1423 alterna.
1201 1379 1390 1423 Stamina
1416 1380 1532 1424 disco
1561 1379 1748 1436 calycino
1776 1378 1937 1422 inserta

238 1441 462 1498 hypogyna
488 1441 551 1483 vel
580 1440 803 1496 perigyna,
831 1452 1011 1481 numero
1045 1439 1212 1482 laciniis
1240 1439 1394 1497 calycis
1420 1439 1601 1496 aequalia
1627 1438 1692 1481 vel
1718 1437 1935 1494 pauciora,

238 1499 378 1543 rarius
405 1499 549 1556 dupla.
569 1498 767 1542 Ovarium
786 1497 969 1540 liberum
997 1498 1135 1541 rarius
1162 1497 1253 1541 basi
1281 1497 1413 1556 calyci
1441 1499 1643 1541 adnatum
1670 1496 1934 1540 uniloculare

237 1560 299 1602 vel
326 1558 659 1616 pluriovulatum
686 1556 820 1599 ovulis
840 1558 1042 1613 placentae
1069 1556 1245 1600 centrali
1264 1556 1409 1600 liberae
1436 1556 1587 1609 affixis,
1618 1556 1681 1598 vel
1709 1555 1934 1598 uniovula-

238 1625 328 1660 tum
356 1618 479 1661 ovulo
507 1631 528 1659 e
556 1616 745 1659 funiculo
773 1630 796 1658 a
822 1615 913 1658 basi
940 1615 1068 1659 loculi
1097 1622 1190 1659 orto
1208 1615 1393 1672 pendulo
1421 1622 1493 1658 aut
1519 1621 1684 1667 erect03
1715 1615 1836 1657 ovula
1854 1628 1939 1656 am-

239 1676 439 1734 phitropa
481 1689 577 1718 raro
619 1673 950 1732 semianatropa.
996 1673 1093 1731 styli
1137 1673 1215 1717 2-53
1250 1674 1450 1732 disjuncti
1491 1675 1555 1717 vel
1596 1672 1688 1716 basi
1729 1673 1933 1716 concreti.

241 1736 424 1778 Fructus
461 1734 598 1777 siccus
632 1734 695 1776 vel
723 1732 973 1790 capsularis‚
1004 1733 1281 1776 unilocularis
1309 1746 1637 1790 monospermus
1665 1730 1850 1775 trivalvis
1876 1733 1938 1775 vel

241 1795 467 1838 dehiscens
505 1805 924 1849 monospermus.—
951 1791 1108 1834 Plantae
1145 1791 1257 1835 foliis
1293 1792 1525 1849 saepissime
1558 1790 1767 1847 stipulatis
1798 1790 1938 1834 rarius

242 1851 519 1910 exstipulatis‚
549 1850 753 1908 oppositis
782 1851 920 1893 rarius
948 1850 1136 1894 alternis.
1156 1876 1215 1882 —
1240 1849 1351 1894 Ordo
1377 1850 1490 1894 inter
1515 1850 1713 1894 Alsineas
1746 1855 1787 1892 et
1811 1849 1939 1892 Ama-

241 1913 490 1956 rafntleaoeas
517 1910 706 1953 medium
733 1909 844 1952 inter
871 1922 942 1953 eas
971 1909 1195 1952 transitum
1222 1909 1433 1966 praebens.
1470 1909 1741 1965 Polycarpeae
1767 1908 1938 1964 capsula

240 1972 512 2028 polysperma
539 1969 706 2012 donatae
733 1968 785 2011 ab
812 1967 1000 2011 Alsineis
1026 1968 1245 2025 stipulatas
1273 1968 1391 2025 stylis
1426 1968 1589 2011 coalitis
1616 1973 1778 2010 tantum
1816 1966 1936 2009 diffe-

243 2037 358 2072 runt.
391 2029 417 2071 I
420 2028 627 2071 llecebreoe
653 2034 700 2070 ut
725 2026 1076 2070 Amara-uthaceoe
1109 2026 1250 2069 ovario
1278 2026 1524 2070 uniovulato
1553 2026 1770 2069 instructae
1798 2025 1850 2067 ab
1878 2025 1937 2067 eis

242 2088 353 2131 folii-s
380 2085 589 2144 stipulatis
617 2092 655 2129 et
683 2084 914 2142 generibus
940 2085 1158 2128 nonnullis
1190 2084 1403 2129 corollatis
1438 2085 1575 2128 solum
1611 2083 1933 2139 distinguntur;

243 2148 385 2204 sepala
411 2145 588 2202 insuper
613 2145 761 2188 saltem
795 2143 845 2186 ad
874 2143 1062 2187 medium
1088 2144 1298 2187 herbacea
1325 2150 1423 2187 sunt
1443 2157 1522 2186 nec
1539 2142 1713 2187 omnino
1732 2141 1931 2184 scariosa.

241 2205 527 2249 Scleranlheoe
566 2203 676 2247 foliis
718 2201 979 2259 exstipulatis
1015 2203 1067 2245 ad
1094 2202 1459 2246 Amaranthaceas
1499 2202 1748 2245 accedentes
1784 2199 1836 2242 ab
1874 2199 1933 2242 eis

241 2263 388 2308 ovario
413 2263 645 2316 biovulat0‚
686 2261 865 2305 floribus
903 2274 1013 2318 saepe
1049 2261 1262 2304 corollatis
1297 2267 1337 2305 et
1369 2260 1524 2319 calycis
1550 2259 1716 2304 laciniis
1744 2273 1792 2301 ex
1818 2265 1936 2315 parte

242 2322 465 2366 herbaceis
498 2320 735 2364 discedunt.
781 2319 1051 2363 Plerantheae
1086 2320 1140 2362 ob
1177 2319 1420 2378 embryonis
1456 2326 1713 2362 structuram
1750 2317 1935 2360 subano-

242 2382 364 2425 malae
391 2387 504 2424 sunt.
552 2379 627 2422 Hic
654 2380 759 2422 ordo
786 2378 958 2421 tandem
985 2393 1009 2422 a
1033 2379 1302 2422 Porculaceis
1339 2378 1593 2422 staminibus
1628 2375 1779 2435 petalis
1819 2375 1935 2431 (cum

243 2441 415 2497 adsunt)
444 2438 616 2482 alternis
643 2451 723 2481 nec
749 2436 972 2494 oppositis,
1001 2451 1025 2480 a
1050 2437 1325 2495 Molluyineis
1353 2444 1393 2480 et
1415 2436 1625 2480 Ficoideis
1658 2434 1803 2479 ovario
1845 2434 1936 2476 uni-

242 2497 421 2543 loculari
449 2496 742 2553 distinguitur.

569 2705 905 2755 SUBORDO
945 2705 992 2753 Ι.
1032 2703 1608 2752 PERIEMBRYEAE.

303 2853 485 2911 Embryo
511 2851 818 2909 periphaericus
845 2851 1046 2903 albumen·
1072 2849 1262 2905 cingens.
