2021 3235
1000 81 1085 126 804

200 181 301 225 sulis
327 180 462 237 planis
490 178 639 221 crebre
667 171 1104 233 pellucido-punctatis
1131 170 1261 213 ovatis
1290 171 1352 212 vel
1379 170 1574 225 oblongis
1601 169 1782 224 obtusis,
1812 185 1882 228 cy-

199 240 278 282 mis
313 239 383 282 uni
420 239 482 280 vel
519 235 763 294 paucitioris
807 232 1044 290 paniculam
1087 230 1312 285 oblongam
1355 228 1657 281 formantibus,
1701 229 1884 272 bracteis

197 298 390 354 oblongis
432 296 625 351 integris,
667 293 817 350 calycis
844 291 1000 334 corolla
1028 289 1152 345 triplo
1180 287 1386 342 brevioris
1415 287 1625 344 profunde
1652 287 1794 344 partiti
1823 288 1883 330 la-

198 357 320 400 ciniis
341 352 533 399 ‘obovatis
560 350 842 396 obtusissimis
868 348 1079 402 glandulis
1107 346 1276 389 clavatis
1303 346 1437 401 nigris
1473 346 1604 389 dense
1640 345 1883 403 pectinatis,

197 415 329 458 ovarii
356 414 504 457 loculis
531 412 609 455 sub
637 410 692 453 ⁶25
719 408 912 461 ovulatis,
942 407 1111 463 capsula
1139 405 1321 461 oblonga
1348 405 1489 462 calyce
1517 404 1643 461 triplo
1671 404 1881 461 longiore,

199 473 431 516 seminibus
459 470 642 514 tenuiter
669 466 877 525 punctalis
912 472 969 513 26.

256 546 354 582 Hab.
382 546 417 581 in
443 542 627 580 Armenia
644 540 784 585 (Auch.
812 550 892 575 exs.
918 535 1006 576 898
1024 538 1064 582 l),
1092 537 1128 572 in
1156 536 1358 573 cacumine
1384 535 1526 572 montis
1552 534 1798 584 Bingoldagh
1818 535 1885 574 alt.

198 603 335 645 8800‘
355 604 434 652 (Ky
459 615 538 639 cxs.
565 595 715 652 49ssl).
743 599 800 635 Fl.
829 598 929 645 Aug.

256 672 374 709 Facie
408 670 533 707 affinis
560 668 604 705 H.
637 666 786 715 repenti
812 664 879 701 sed
907 664 990 701 basi
1027 663 1330 708 suffrutescens,
1361 662 1492 699 caules
1519 661 1664 708 erecti,
1690 661 1784 698 folia
1808 673 1884 698 non

199 732 386 776 revoluta,
414 728 702 766 inflorescentia
727 733 764 761 et
789 724 936 761 semina
957 723 1129 767 diversa,
1156 722 1271 769 calyx
1292 720 1735 768 clavato-glandulosus.

256 904 320 946 H.
351 900 603 945 Aucheri
644 897 784 955 (Jaub.
817 902 857 938 et
883 895 950 952 Sp.
983 895 1062 937 loc.
1093 894 1162 936 cit.
1196 893 1229 947 l,
1258 906 1300 949 p.
1331 891 1403 945 61,
1432 891 1521 934 tab.
1550 890 1625 948 311)
1667 890 1881 946 glabrum,

199 961 388 1004 caulibus
414 957 654 1002 numerosis
687 954 857 1013 pumilis
895 952 1224 997 ascendentibus
1265 951 1458 1009 opposite
1500 949 1732 1004 bilineatis,
1774 949 1885 993 foliis

199 1019 373 1062 minutis
406 1016 610 1060 coriaceis
644 1014 803 1070 glaucis
830 1012 1039 1069 pellucido
1058 1037 1076 1043 -
1093 1010 1305 1068 punctalis
1332 1025 1354 1053 e
1381 1009 1471 1053 basi
1500 1008 1635 1053 sessili
1663 1011 1885 1065 angustata

198 1078 391 1134 oblongis
419 1075 595 1127 obtusis,
625 1077 742 1131 cyma
769 1070 1040 1115 subsolitaria
1068 1069 1279 1113 terminali
1308 1068 1775 1126 paucissorainterdum
1792 1066 1885 1110 uni-

198 1137 320 1189 ssora,
349 1134 530 1178 bracteis
557 1131 749 1188 oblongis
777 1129 1029 1173 acuminatis
1056 1127 1299 1181 fimbriatis,
1329 1127 1483 1185 calycis
1501 1128 1657 1170 corolla
1673 1126 1738 1168 vix
1755 1126 1884 1182 duplo

198 1194 405 1237 brevioris
430 1192 638 1250 profunde
665 1189 807 1247 partiti
834 1189 998 1232 laciniis
1017 1187 1261 1231 lanceolatis
1279 1187 1413 1230 acutis
1430 1186 1674 1238 fimbriatis,
1703 1184 1884 1228 fimbriis

199 1254 373 1296 setaceis
401 1252 560 1295 minute
587 1248 895 1306 glanduliferis,
925 1248 1170 1304 capsula...
1208 1253 1264 1294 26.

258 1322 357 1361 Hab.
394 1324 430 1360 in
465 1322 592 1368 Mysia
616 1320 665 1357 ad
702 1319 988 1367 Adramyttium
1027 1315 1232 1367 (Montb.),
1269 1317 1307 1353 in
1341 1319 1470 1354 monte
1502 1315 1682 1365 Gargaro
1710 1311 1884 1352 Troadis

201 1383 337 1435 (Auch.
364 1394 445 1419 exs.
472 1378 559 1420 899
571 1371 612 1431 l).

258 1451 396 1488 Caules
430 1449 629 1487 filiformes
661 1444 741 1486 5-4
772 1446 1005 1494 pollicares,
1034 1445 1128 1483 folia
1162 1442 1247 1484 5-4
1283 1444 1406 1481 lineas
1441 1443 1569 1491 longa.
1593 1443 1733 1481 Facies
1757 1443 1803 1480 H.
1827 1454 1886 1480 re-

194 1512 323 1560 pentes
347 1514 384 1548 et
414 1509 582 1548 Armeni
599 1521 618 1545 a
644 1508 783 1556 quibus
808 1506 978 1544 bracteis
1002 1509 1040 1543 et
1065 1505 1210 1553 sepalis
1233 1504 1436 1542 fimbriatis
1452 1504 1580 1541 statim
1605 1503 1884 1552 distinguitur,

199 1571 351 1608 accedit
373 1581 526 1618 quoque
551 1569 598 1605 ad
620 1568 666 1605 H.
694 1566 958 1604 trichocaulon
982 1565 1052 1603 sed
1077 1565 1252 1602 ovarium
1275 1563 1566 1601 multivittatum
1600 1563 1884 1613 Taeniocarpio-

197 1641 295 1668 rum.
326 1630 479 1667 Semina
504 1629 637 1676 ignota
663 1626 717 1679 (ν,
745 1640 775 1664 s.
804 1627 842 1663 in
866 1626 976 1663 herb.
1002 1625 1098 1662 Mus.
1128 1623 1249 1673 Pan).

256 1798 322 1841 H.
353 1800 623 1841 retusum
665 1793 825 1849 (Auch.
858 1793 900 1835 in
926 1792 1049 1835 Jaub.
1081 1798 1121 1835 et
1146 1791 1215 1848 Sp.
1248 1791 1308 1833 lll.
1339 1790 1409 1833 Or.
1443 1789 1482 1843 l,
1510 1804 1552 1847 p.
1583 1788 1655 1842 54,
1687 1788 1769 1832 tab.
1802 1788 1884 1847 27)

197 1856 415 1911 glabrum,
451 1854 642 1897 caulibus
670 1850 1058 1908 nigro-punctalis
1096 1849 1288 1893 elevatim
1328 1848 1559 1902 bilineatis,
1609 1847 1719 1891 soliis
1762 1862 1885 1905 parce

198 1914 404 1971 pellucido
432 1920 467 1955 et
498 1910 855 1968 nigro-punctatis
883 1917 1059 1966 anguste
1088 1908 1322 1952 linearibus
1349 1907 1498 1950 subtus
1527 1906 1728 1950 revolutis
1767 1907 1885 1963 apice

196 1972 400 2015 truncatis
417 1973 477 2014 vel
497 1970 666 2024 retusis,
686 1969 818 2012 axillis
837 1968 1122 2024 ramuligeris,
1153 1967 1284 2025 cymis
1302 1966 1597 2023 pedunculatis
1615 1965 1884 2022 paniculatis,

195 2031 370 2074 floribus
397 2029 638 2072 lateralibus
665 2027 898 2080 sessilibus,
928 2026 1080 2084 calycis
1107 2027 1265 2069 corolla
1291 2025 1317 2067 ⁹2.
1337 2025 1387 2080 ¹s2
1418 2025 1485 2081 plo
1512 2023 1719 2067 brevioris
1737 2024 1788 2067 ad
1806 2023 1882 2081 3l4

196 2089 336 2146 partiti
366 2088 528 2131 laciniis
556 2087 750 2141 oblongis
777 2085 939 2128 obtusis
966 2085 1178 2142 glandulis
1207 2083 1513 2141 marginalibus
1541 2082 1759 2126 sessilibus
1785 2097 1886 2140 pau-

197 2148 254 2191 cis
281 2148 492 2190 interdum
523 2145 664 2198 nullis,
694 2144 826 2188 ovarii
854 2144 1003 2187 loculis
1030 2142 1185 2187 30-40
1211 2142 1406 2195 ovulatis,
1435 2143 1678 2199 capsula...
1720 2148 1779 2190 26.
1828 2142 1883 2184 H.

195 2206 557 2261 amblyosepalum
582 2204 755 2247 Hochst.
788 2203 830 2245 in
859 2203 1016 2246 Lorent
1045 2203 1196 2246 Wand.
1228 2215 1271 2258 p.
1301 2200 1380 2244 344
1414 2214 1462 2243 ex
1489 2200 1690 2257 descript.

199 2336 212 2387 ζ
254 2279 356 2315 Hab.
382 2278 423 2363 in!
455 2278 568 2326 Syria
608 2276 655 2314 ad
690 2276 834 2312 Aintab
868 2275 1015 2324 (Auch.
1052 2287 1132 2312 exs.
1174 2271 1334 2325 8872),
1380 2274 1478 2310 iuter
1513 2273 1657 2310 Aintab
1700 2276 1736 2309 ct
1772 2272 1885 2310 Nisib

216 2337 471 2387 Hausskn.).

255 2404 395 2442 Caules
421 2404 595 2452 pedales,
622 2402 801 2452 panicula
825 2400 903 2441 2-4
926 2403 1093 2451 pollices
1118 2403 1259 2450 longa,
1286 2402 1379 2440 folia
1403 2400 1638 2438 intermedia
1661 2396 1738 2439 6-9
1763 2400 1887 2437 lineas

197 2464 312 2511 longa
337 2461 477 2517 ῬΛ-2
502 2464 625 2500 lineas
656 2463 755 2509 lata,
783 2463 914 2509 petala
942 2463 1117 2509 margine
1141 2461 1398 2510 eglandulosa
1422 2472 1494 2498 nec
1518 2463 1560 2497 ut
1582 2460 1619 2497 in
1644 2459 1691 2497 H.
1715 2459 1884 2509 hyssopi-

196 2523 288 2571 solz'o
313 2528 349 2561 ct
375 2524 551 2561 omnibus
575 2522 754 2559 affinibus
780 2521 976 2569 glandulis
1000 2522 1122 2570 nigris
1149 2521 1378 2569 marginata.
1404 2519 1439 2557 A
1465 2519 1600 2557 formis
1638 2518 1684 2557 H.
1716 2520 1885 2569 hyssopi-

197 2583 283 2631 soliz'
308 2594 460 2630 semper
484 2582 732 2630 distinguitur
755 2581 914 2628 insuper
937 2580 1038 2618 foliis
1062 2581 1217 2630 retusis,
1244 2581 1445 2618 alabastro
1468 2579 1633 2627 globoso
1659 2591 1730 2617 nec
1755 2584 1885 2617 ovato.

198 2642 355 2679 Semina
378 2638 575 2693 (juniora)
603 2652 680 2679 non
701 2640 906 2688 papillosa.

255 2817 319 2860 H.
348 2817 657 2867 Amanum,
687 2814 880 2868 glabrum
909 2814 1199 2869 glaucescens,
1234 2811 1427 2855 caulibus
1454 2812 1575 2855 elatis
1602 2811 1888 2869 subsiwplici-

197 2874 275 2917 bus
313 2874 500 2917 elevatim
537 2873 767 2927 bilineatis,
812 2872 922 2915 foliis
955 2871 1175 2915 sessilibus
1202 2869 1354 2927 rigidis
1378 2869 1628 2928 parcissime
1654 2870 1888 2928 pellucido-
