2021 3235
996 105 1081 150 580

204 210 419 268 unguibus
447 203 702 251 subexsertis
728 201 883 245 lamina
913 202 1033 242 rosea
1060 197 1308 252 obcordata,
1339 200 1510 256 capsula
1529 199 1662 243 sessili
1680 202 1801 244 ovata
1819 215 1889 244 ca-

203 272 332 328 lycem
362 265 616 310 ‹liswmlenti
646 277 696 305 co
723 258 1011 309 subhrevioffl,
1051 256 1288 299 seminibus
1315 258 1788 313 rugoso-tuberculatis
1818 266 1884 312 Θ.

261 343 358 378 Hab.
395 341 431 376 in
472 339 632 386 regione
671 334 857 372 montana
889 330 1025 379 Lydiae
1066 341 1189 378 prope
1223 328 1428 377 Smyrnam
1464 327 1620 383 (Auch.
1654 343 1732 369 exs.
1776 331 1887 372 465!

202 402 313 439 Boiss
327 401 366 449 !)‚
387 399 557 443 Mesogis
578 407 695 443 supra
712 392 869 429 Tralles
896 389 1027 440 (Boiss
1041 388 1085 439 1),
1110 388 1253 425 Tmolo
1278 389 1329 426 ad
1345 389 1530 437 Bozdagh
1549 390 1639 440 (Bal
1654 388 1698 438 l),
1715 391 1891 444 Phr-ygia

201 473 318 508 supra
354 457 514 497 Ouchak
549 452 704 507 (Ball),
744 449 998 499 Cappadocia
1037 448 1086 485 ad
1124 447 1277 485 radices
1316 448 1450 497 Argaei
1489 449 1570 502 (Ky
1601 462 1683 489 exs.
1727 449 1888 503 1991).

200 520 259 557 Fl.
284 520 370 557 Jun.

259 588 414 625 Statura
437 589 474 622 et
503 584 616 621 flores
654 592 781 628 magn.
806 577 845 616 S.
879 578 1018 616 conz’cae
1055 575 1125 613 sed
1165 575 1259 614 folia
1296 577 1417 614 multo
1444 577 1624 616 acutiora
1659 581 1696 616 et
1730 580 1891 628 capsula

201 648 335 686 formae
359 647 535 683 diversae.

1996 279 2006 502 l

2001 502 2009 695 ὲ

2006 809 2012 829 ‘l

258 820 308 863 S.
341 815 619 862 conoidea
644 813 707 869 (L.
737 811 805 868 Sp.
837 809 940 866 598)
976 808 1433 866 pubescenti-viscida‚
1477 809 1645 863 elatior,
1674 809 1785 852 foliis
1811 810 1889 853 ob-

202 874 585 931 longo—lanceolatis
613 871 769 922 acutis,
800 870 936 926 calyce
955 882 976 910 e
1004 866 1094 910 basi
1123 867 1370 910 umbilicata
1397 868 1522 924 longe
1550 868 1698 911 conico
1726 869 1777 911 ad
1804 875 1890 911 ter-

201 937 299 979 tiam
342 941 503 992 partem
547 932 588 974 in
630 931 776 973 dentes
818 926 1294 970 lanceolato-subulatos
1332 926 1509 983 partito,
1545 926 1765 970 fructifero
1798 927 1889 970 basi

199 993 553 1050 globoso-inflato,
584 988 798 1044 ung-uilius
825 984 1016 1038 inclusis,
1046 984 1205 1028 lamina
1230 992 1359 1042 parva
1378 988 1500 1028 rosea
1516 986 1693 1029 obovata
1720 985 1884 1042 integra

199 1054 261 1095 vel
290 1049 682 1095 croso-denticulata
697 1082 706 1099 ‚
736 1046 905 1102 capsula
932 1043 1066 1087 sessili
1089 1043 1265 1099 globosa
1281 1043 1323 1086 in
1343 1044 1497 1087 collum
1515 1058 1575 1087 eae
1593 1044 1881 1101 aequilongum

200 1112 376 1167 abrupte
403 1108 573 1152 abeunti
604 1111 665 1157 Θ.
697 1104 830 1148 Rchb.
861 1103 934 1160 fig.
964 1101 1078 1145 5062>
1108 1103 1264 1160 (petala
1292 1103 1471 1146 erronee
1498 1102 1665 1160 bifida).

258 1182 357 1218 Hah.
388 1180 424 1216 in
451 1178 561 1217 cultis
579 1180 681 1214 totus
708 1173 901 1211 Anatoliae
919 1172 1074 1223 (Boissl
1098 1172 1256 1219 Bourg!
1281 1172 1351 1209 Bal
1367 1171 1408 1222 !)‚
1435 1172 1558 1221 Syriae
1575 1174 1625 1211 ad
1647 1173 1884 1212 Damascum

199 1238 359 1292 (Gaill!)
388 1243 425 1276 et
451 1239 489 1274 in
513 1237 662 1274 Libano
689 1232 809 1286 (ΒΗ),
836 1233 970 1270 Judeae
987 1232 1160 1284 (Boiss!)‚
1188 1231 1226 1268 in
1247 1231 1347 1281 jugo
1373 1231 1560 1270 Sinaitico
1584 1231 1773 1282 (Schimp.
1800 1244 1881 1271 exs.

202 1298 280 1339 151
304 1301 310 1336 l
359 1298 480 1336 forma
520 1293 840 1344 depauperata),
865 1291 1053 1329 Armenia
1077 1289 1227 1344 (Bourg
1245 1292 1298 1340 1),
1335 1291 1650 1330 Transcaucasia
1682 1291 1832 1342 (Szowl
1850 1289 1881 1347 )‚

199 1359 336 1397 Persia
359 1359 442 1396 bor.
471 1361 509 1394 et
533 1354 694 1393 australi
725 1353 824 1404 (Ky!
851 1349 1038 1403 Bungel),
1062 1351 1274 1400 Affghania
1297 1344 1473 1401 (Griffl).
1497 1351 1559 1389 Fl.
1581 1364 1688 1391 vere.

254 1425 546 1464 Inflorescentia
570 1422 790 1461 dichotoma
814 1421 986 1459 breviter
1017 1421 1276 1469 corymbosa,
1302 1419 1496 1458 interdum
1520 1431 1615 1458 axes
1653 1420 1879 1459 secundarii

197 1488 284 1535 plus
308 1487 433 1523 minus
457 1483 626 1531 elongati
653 1480 856 1519 racemosi.

253 1553 298 1605 β.
328 1550 562 1592 obcorclala.
610 1545 782 1588 Lamina
824 1543 959 1600 major
993 1543 1238 1586 obcordata.
1284 1542 1330 1586 S.
1371 1543 1673 1599 cylindrislora
1708 1543 1802 1587 Otth
1836 1544 1879 1587 in

196 1623 262 1653 nc.
298 1608 440 1651 Prodr.
473 1608 506 1658 l,
535 1620 576 1663 p.
606 1603 706 1648 3711.
740 1604 786 1646 S.
818 1604 955 1646 dioica
981 1602 1028 1645 F.
1060 1608 1101 1644 et
1128 1601 1179 1644 M.
1201 1601 1293 1644 Ind.
1314 1601 1483 1659 Petrop.
1506 1602 1597 1655 Vll,
1615 1617 1657 1659 p.
1678 1602 1749 1646 56.
1773 1603 1879 1658 (Ego

194 1683 286 1711 eam
314 1680 481 1723 semper
506 1661 898 1720 hermaphroditam
926 1660 1042 1718 vidi).

255 1740 354 1777 Hab.
381 1739 418 1775 in
458 1737 570 1776 cultis
605 1734 801 1783 argillosis
831 1734 935 1772 circa
960 1733 1115 1782 Aleppo
1142 1728 1289 1785 (Auch.
1319 1744 1400 1770 exs.
1427 1726 1539 1772 467!
1570 1733 1634 1782 Ky
1670 1744 1753 1772 exs.
1791 1732 1848 1774 55
1873 1736 1880 1772 Ξ

197 1798 410 1848 Hausskl),
435 1797 483 1834 ad
506 1796 617 1834 Eden
638 1794 777 1832 Libani
804 1792 1075 1843 (Reygasse!)‚
1103 1792 1140 1829 in
1160 1791 1386 1830 Antilibano
1416 1789 1582 1844 (Gailll).

248 1884 287 1923 y.
316 1861 586 1918 ylabrescens.
621 1858 724 1900 Tota
749 1855 873 1898 etiam
902 1855 954 1898 ad
981 1855 1144 1912 calyces
1170 1854 1332 1911 glabra.
1365 1854 1565 1898 Rostrum
1592 1856 1776 1913 capsulae
1803 1856 1877 1898 ab·

190 1922 439 1964 breviatum.

248 1991 347 2028 Hab.
369 1989 407 2026 in
430 1988 682 2037 Cappadocia
704 1986 751 2023 ad
777 1984 994 2022 Caesaream
1018 1976 1170 2034 (Ball).
1933 2005 1953 2018 x

248 2055 321 2094 Ar.
355 2060 514 2105 Geogr.
549 2053 749 2103 Hispania,
773 2051 902 2090 Gallia
924 2052 1119 2099 australis,
1146 2051 1258 2088 India
1280 2051 1364 2089 bor.
1389 2051 1668 2092 occidentalis.

746 2216 768 2237 ἃ
801 2216 824 2238 ³⁶
857 2216 880 2238 ἃ
911 2215 1036 2265 Calyx
1061 2214 1121 2256 60
1143 2215 1311 2254 nervius.

242 2359 293 2402 S.
310 2355 694 2401 macrodonta
721 2353 872 2410 (Boiss.
909 2352 1059 2410 Diagn.
1080 2353 1171 2397 Ser.
1193 2354 1225 2408 l,
1258 2354 1289 2407 Ι,
1319 2368 1361 2411 p.
1382 2353 1456 2412 37)
1485 2353 1670 2397 breviter
1686 2359 1728 2396 et
1743 2353 1872 2396 dense

185 2415 617 2460 velutino-cancsccns
644 2426 826 2470 superne
852 2411 1034 2464 viscida,
1078 2412 1188 2456 foliis
1229 2412 1386 2456 infimis
1428 2411 1872 2469 oblongo-linearibus

184 2475 344 2519 caeteris
371 2473 599 2516 linearibus
627 2471 776 2523 acutis,
806 2471 944 2528 calyce
973 2485 996 2513 a
1023 2471 1113 2514 basi
1140 2472 1417 2515 subtruncata
1445 2478 1623 2528 anguste
1640 2470 1871 2530 cylindrico

184 2535 235 2577 ad
263 2533 447 2576 medium
483 2532 523 2573 in
558 2532 705 2574 dentes
740 2544 760 2572 e
788 2529 879 2572 basi
913 2530 1143 2573 lanceolata
1170 2531 1295 2587 longe
1322 2531 1540 2573 subulatos
1566 2531 1739 2574 demum
1768 2528 1871 2584 rigi-

183 2593 304 2635 dulos
321 2592 592 2648 subpatenles
611 2589 780 2646 partito,
811 2588 1029 2631 fructifero
1047 2589 1230 2645 oblongo
1248 2589 1366 2646 apice
1391 2596 1623 2642 attenuato,
1654 2587 1870 2644 unguibus

182 2650 354 2693 inclusis
382 2649 538 2691 lamina
567 2652 684 2691 rosea
712 2647 958 2700 obcordata,
988 2648 1159 2705 capsula
1185 2648 1436 2691 brevissime
1464 2647 1649 2704 stipitata
1665 2648 1868 2702 oblongo-

182 2709 326 2752 conica}
356 2710 541 2765 calycem
570 2710 617 2749 ca
636 2706 871 2762 longiorem
891 2705 1175 2755 distendente‚
1196 2707 1432 2750 seminibus
1450 2706 1712 2750 acutiuscule
1730 2705 1871 2749 tuber-

181 2768 329 2810 culatis
361 2773 425 2818 O.
458 2766 502 2808 S.
534 2764 902 2822 yrammatocalyoe
930 2764 1053 2807 Fenzl
1082 2765 1125 2807 in
1153 2765 1213 2823 Ky
1240 2766 1296 2822 pl.
1327 2780 1411 2809 exs.
1443 2764 1573 2808 4843.

240 2840 339 2876 Hab.
366 2839 403 2874 in
431 2838 542 2875 cultis
566 2837 766 2883 Anatoliae‚
793 2834 976 2883 Bithynia
992 2836 1043 2873 ad
1066 2836 1243 2874 Modurlu
1271 2833 1437 2890 (Festi),
1463 2835 1581 2874 Caria
1604 2837 1654 2874 ad
1679 2835 1867 2885 O-sbiwam

181 2890 374 2950 (Boissl)‚
400 2897 520 2945 Lycia
543 2894 700 2947 (Bourg.
729 2893 952 2946 φειδῶ),
983 2894 1120 2934 Cilicia
1143 2896 1192 2934 ad
1213 2895 1342 2934 Gulek
1367 2893 1512 2950 (Bau),
1541 2896 1694 2945 Cyprus
1715 2898 1763 2935 ad
1793 2898 1868 2936 Li-
