2021 3235
914 109 997 153 197

174 208 359 246 Radicem
386 218 462 244 non
484 205 578 252 vidi,
600 205 781 242 biennem
804 215 888 242 eam
915 205 1081 243 dicendo
1103 209 1285 244 auctores
1309 217 1470 255 sequor;
1496 207 1611 245 flores
1635 209 1691 246 eis
1720 204 1791 247 Cli.

117 268 239 306 cheir-i
260 267 325 304 vix
350 266 518 303 minores
551 265 703 302 intense
728 264 835 301 aurei
860 264 1004 302 lamina
1028 265 1333 303 ovato-rotunda
1350 295 1358 311 ‚
1390 266 1583 313 glandulae
1624 268 1791 314 placent.

116 327 270 375 bilobae‚
291 325 442 374 siliquae
465 324 647 372 pollicem
673 323 733 360 vel
758 323 873 371 paulo
899 323 1065 371 amplius
1089 324 1215 370 longae
1236 324 1291 361 eis
1316 325 1362 362 E.
1392 326 1518 363 stricti
1550 326 1666 374 paulo
1690 338 1792 365 cras-

117 386 241 424 siores
266 397 289 422 a
311 385 432 422 latere
448 384 769 431 subcompressae.
792 381 956 420 Habitus
978 382 1132 420 omnino
1156 384 1200 421 E.
1223 384 1388 422 muralis
1405 385 1618 422 nest-:E
1644 385 1796 433 suffra-

118 446 228 484 ticosz'
249 444 414 492 Spreng.
442 443 544 491 pube
566 442 764 490 bipartita,
790 441 915 478 valvis
939 441 1039 480 intus
1063 443 1306 493 tomentosis,
1330 446 1402 481 ete.
1430 444 1614 482 distincti.

642 605 662 627 ³⁶
696 604 718 627 ÷÷
751 604 774 627 ἃ
807 605 954 654 Siliqua
980 606 1243 644 teretiuscula.

435 738 466 789 †
498 737 783 777 Heterotricha.
810 738 883 775 Pili
912 738 1087 786 bipartiti
1112 742 1149 776 et
1171 739 1419 787 pluripartiti.

176 869 231 911 E.
261 867 653 922 qoniocaulon
695 865 846 922 <Boiss.
884 865 1033 921 Diagn.
1069 864 1158 908 Ser.
1201 865 1253 918 ll,
1293 865 1401 918 VIII,
1440 880 1480 921 p.
1526 864 1599 921 025)
1643 866 1797 919 virens,

118 926 229 983 pube
256 924 387 967 caulis
416 931 455 967 et
484 938 701 967 ramorum
723 924 939 981 bipartita,
969 923 1168 967 foliorum
1188 925 1349 966 stellata
1367 926 1530 980 sparsa,
1560 926 1677 966 caule
1697 925 1804 967 clato

118 997 261 1027 crasso
289 983 436 1025 folioso
464 983 607 1026 stricte
635 983 1073 1040 paniculato—ramoso
1107 982 1236 1026 ramis
1271 989 1392 1024 acute
1429 982 1657 1037 angulatis,
1696 983 1804 1026 soliis

122 1041 376 1085 radicalibus
403 1042 527 1097 longe
560 1041 772 1098 petiolatis
806 1041 1069 1098 pinnatifidis
1105 1043 1169 1084 vel
1208 1040 1369 1099 lyratis,
1400 1040 1580 1083 caulinis
1612 1041 1805 1096 oblongis

121 1102 184 1144 vel
212 1100 455 1143 lanceolatis
482 1108 630 1157 argute
658 1100 927 1143 denticulatis
954 1100 1093 1142 rarius
1122 1100 1315 1156 integris,
1352 1099 1529 1142 floribus
1564 1099 1703 1155 parvis
1731 1114 1802 1156 pc-

122 1159 272 1203 dicello
300 1159 439 1216 calyce
466 1159 651 1203 breviori
679 1159 878 1211 suffultis,
915 1159 1096 1201 racemis
1123 1157 1353 1201 fructiferis
1381 1158 1603 1213 elongatis,
1643 1158 1806 1215 siliquis

125 1217 322 1261 tenuibus
349 1217 504 1260 strictis
541 1217 1081 1274 tereti-subquadrangulis
1117 1217 1306 1260 curvulis
1347 1218 1409 1258 vel
1452 1216 1654 1259 contortis
1695 1217 1806 1273 pube

125 1277 287 1320 stellata
314 1276 444 1319 dense
472 1276 637 1329 obsitis,
668 1277 771 1334 stylo
798 1275 914 1319 tenui
943 1276 1106 1332 siliquae
1134 1276 1238 1319 latit.
1267 1276 1394 1332 duplo
1413 1274 1595 1331 longiori
1613 1276 1806 1331 stigmate

125 1334 306 1392 capitato
333 1341 476 1378 retuso
508 1337 578 1391 Θ.

183 1406 281 1443 Hab.
316 1405 355 1442 in
389 1407 578 1443 montanis
611 1405 733 1444 Oai-iae
764 1403 1006 1459 (Pinardt),
1046 1405 1201 1444 Pisidiae
1228 1398 1455 1457 (Heldrl),
1499 1404 1620 1442 Tauri
1656 1402 1807 1442 Ciliciei

128 1458 278 1517 (Ball),
303 1463 424 1513 Syriae
448 1466 485 1502 in
511 1465 646 1504 Cassio
671 1461 848 1518 (Boissl)
875 1469 912 1502 et
934 1465 1084 1502 Amano
1109 1461 1192 1517 (Ky
1218 1476 1299 1502 exs.
1324 1461 1474 1517 5551).

182 1530 227 1582 β.
261 1528 612 1585 brachycarpum.
658 1528 831 1585 Siliquae
865 1527 1043 1571 dimidio
1075 1527 1294 1571 breviores
1322 1527 1456 1583 magis
1483 1527 1803 1583 quadrangulae.

185 1599 301 1638 Hab.'
317 1600 356 1637 in
380 1604 508 1638 monte
534 1599 670 1638 Cassio
696 1596 886 1654 (Boissl).
982 1601 985 1603 ’

185 1684 227 1721 y.
257 1663 416 1705 minus.
448 1663 704 1716 Muhicaule,
734 1662 833 1705 folia
862 1661 1063 1705 radicalia
1089 1662 1276 1715 dentata,
1305 1661 1526 1719 superiora
1552 1661 1731 1717 integra.

185 1735 285 1773 Hab.
321 1736 358 1772 in
383 1735 608 1773 Antilibano
634 1735 683 1772 ad
705 1735 876 1773 Zebdani
901 1731 1057 1787 (Boissl
1083 1733 1213 1772 Gaill!
1248 1734 1311 1783 Ky
1342 1745 1422 1772 exs,
1450 1731 1508 1772 95
1525 1727 1565 1787 l),
1594 1733 1631 1770 in
1657 1733 1807 1771 Libano

128 1794 178 1832 ad
193 1794 383 1833 Bseherre
411 1792 494 1848 (Ky
520 1807 601 1833 exs.
625 1792 767 1845 2680,
794 1795 844 1832 ad
867 1795 979 1831 Eden
1008 1791 1072 1846 (Bl
1089 1790 1136 1846 l).

188 1861 348 1910 Species
378 1863 639 1912 polymorpha
663 1864 812 1913 siliquis
837 1863 1017 1901 tenuibus
1042 1863 1212 1900 ineurvis
1238 1862 1299 1899 vel
1333 1861 1521 1899 contortis
1547 1865 1584 1898 et
1615 1860 1809 1908 glandulis

130 1922 298 1969 placent.
323 1923 518 1971 bipartitis
541 1924 688 1962 conicis
714 1924 776 1962 vel
801 1922 1045 1961 filiformibus
1068 1922 1244 1970 insignis,
1269 1921 1402 1959 habitu
1425 1919 1689 1969 sisymbrium
1715 1931 1810 1957 eon—

131 1985 271 2020 tortum
295 1983 487 2033 referens3
513 1982 639 2021 fructu
675 1983 852 2021 obsolete
892 1986 1096 2030 tetragono
1136 1982 1329 2019 interdum
1369 1981 1481 2018 tereti
1519 1981 1621 2017 inter
1659 1980 1810 2027 species

130 2042 395 2089 praecedentes
418 2045 456 2080 et
488 2045 698 2090 sequentes
721 2043 833 2091 quasi
856 2041 1099 2080 intermedia.
1132 2040 1355 2089 Specimina
1381 2039 1528 2088 majora
1557 2038 1632 2078 *iz-5
1657 2039 1812 2086 pedalia

131 2101 236 2138 foliis
262 2102 411 2149 lyratis,
437 2101 686 2140 inferioribus
704 2102 843 2150 amplis
862 2113 947 2140 cum
964 2101 1110 2149 petiolo
1127 2098 1203 2139 45
1220 2100 1486 2148 pollicaribus.
1508 2099 1664 2147 Siliquae
1679 2096 1810 2137 12-15

132 2160 196 2198 lin.
224 2161 352 2208 longae
374 2160 485 2198 lineae
510 2157 649 2215 ¹s2·²ss
675 2162 764 2200 latae
787 2162 825 2198 in
849 2173 931 2198 var.
956 2179 980 2218 y
1007 2158 1082 2200 8-9
1107 2161 1170 2198 Ιίη.
1199 2161 1336 2208 longae.

191 2331 247 2373 E.
275 2330 602 2374 versico¹lor
629 2329 733 2386 (ΜΒ.
766 2329 892 2372 Taur.
923 2327 1046 2371 Cauc.
1081 2328 1134 2379 II,
1164 2341 1204 2383 p.
1226 2326 1309 2369 119
1337 2326 1414 2368 sub
1445 2324 1719 2380 Cleez‘rasncleo)
1748 2339 1811 2367 ca-

134 2402 311 2431 nescens
339 2389 450 2445 pube
477 2388 573 2445 pilis
600 2387 811 2445 bipartitis
844 2394 883 2429 et
916 2385 1139 2443 tripartitis
1175 2384 1314 2427 mixtis
1350 2384 1601 2440 siliquarum
1639 2382 1812 2425 stellatis

135 2446 294 2490 scabris
326 2447 552 2499 constanti,
586 2447 705 2489 caule
733 2446 880 2503 gracili
909 2445 1264 2495 strictetramosQ
1302 2442 1413 2485 foliis
1441 2442 1671 2484 linearibus
1699 2440 1811 2483 radi-

135 2505 295 2548 calibus
322 2505 563 2549 numerosis
587 2505 822 2548 runcinatis
849 2503 1058 2561 supremis
1085 2501 1279 2558 integris,
1308 2500 1485 2544 floribus
1507 2499 1810 2552 mediocribus,

136 2563 300 2621 siliquis
327 2564 532 2621 pedicello
559 2564 675 2607 brevi
701 2565 767 2607 vix
795 2565 1029 2606 incrassato
1057 2560 1238 2606 suffultis
1266 2559 1421 2603 strictis
1448 2557 1693 2615 gracillimis
1712 2565 1813 2599 tere-

135 2622 264 2676 tibus,
303 2623 406 2680 stylo
433 2623 598 2680 siliquae
625 2622 731 2666 latit.
763 2620 1028 2665 subbreviori
1057 2620 1250 2675 stigmate
1279 2626 1421 2661 retuso
1459 2619 1527 2672 Q).
1573 2616 1627 2658 E.
1657 2616 1814 2672 qracile

137 2680 344 2739 Dc.-Syst.
376 2682 429 2734 ΙΙ,
449 2695 490 2738 p.
512 2681 620 2725 5041
655 2680 734 2724 Ch.
767 2680 1082 2723 leucanthemus
1108 2677 1250 2722 Willd.
1282 2677 1350 2733 Sp.
1381 2674 1617 2732 111,p.521
1659 2674 1814 2730 (forma

135 2739 312 2783 floribus
337 2740 644 2797 pallidioribus.

196 2811 298 2849 Hab.
323 2812 363 2849 in
386 2811 561 2850 Caucaso
581 2810 875 2861 septentrionali
898 2806 1032 2861 (MR),
1057 2808 1187 2847 Iberia
1204 2803 1354 2863 (Fisch.
1382 2807 1418 2843 in
1444 2818 1508 2844 ne.
1542 2805 1635 2842 herb
1651 2802 1694 2857 1),
1714 2804 1814 2841 Tur·

137 2869 315 2908 kestania
337 2871 482 2909 boreali
516 2871 701 2921 (Lehm).
