2021 3235
945 153 1021 197 7111

145 238 388 291 attenuatiS,
418 239 600 283 bracteis
627 241 1079 298 scarioso-marginatis
1107 248 1246 302 sepala
1273 250 1636 307 subaequantibus‚
1672 256 1823 311 sepalis

144 297 475 353 ovato-oblongis
493 298 810 351 obtusiusculis,
840 302 988 357 petalis
1015 305 1354 363 ovato-oblongis
1382 309 1555 365 integris
1582 314 1642 354 vel
1671 314 1823 356 retusis

146 354 233 397 basi
262 355 412 398 ciliatis
440 357 578 413 calyce
606 357 758 400 triente
788 359 1067 415 longioribus,
1111 364 1362 409 staminibus
1390 354 1479 422 10,ζ
1505 369 1729 413 filamentis
1756 386 1824 414 ca-

145 413 235 470 lyce
261 413 529 457 brevioribus
558 419 621 464 Θ.

202 483 301 520 Hab.
328 483 366 520 in
390 484 622 531 graminosis
644 484 838 533 Bithyniae
862 487 911 523 ad
936 487 1204 527 Nicomediam
1232 487 1375 543 (Auch.
1401 505 1448 531 ex
1470 493 1590 548 Gay),
1618 497 1754 535 Iberiae
1778 499 1827 536 ad

146 542 415 580 Helenendors
432 535 616 592 (Hohenl
634 539 673 596 ),
702 544 846 582 Persiae
871 547 954 584 bor.
980 548 1030 584 ad
1054 548 1289 588 Tassakend
1316 550 1525 602 (Buhsel)
1550 560 1587 593 et
1609 556 1658 593 ad
1678 556 1828 595 Salmas

144 613 255 650 prov.
280 601 523 648 Atini-bidjan
548 601 677 650 (Szow
695 601 739 651 l).

202 669 339 707 Facies
370 668 570 708 Moenelzioe
605 670 812 717 Manticae,·
848 684 871 709 a
908 675 1217 720 praecedentibus
1252 677 1421 715 bracteis
1446 681 1594 727 maguis
1620 683 1749 719 statim
1773 683 1827 719 di-

143 729 421 777 gnoscendum,
447 730 581 777 scpala
605 726 700 782 2¹12
728 731 849 769 lineas
874 732 1002 779 longa.
1029 733 1214 771 Pedicelli
1238 735 1425 774 fructiferi
1451 750 1474 775 a
1494 739 1540 776 cl.
1567 738 1654 788 Gay
1679 745 1827 779 erecto-

144 791 321 835 patentes
347 788 440 826 dicti
465 791 505 826 ut
527 789 563 825 in
589 790 676 826 aliis
701 791 908 837 speciebus
933 792 1088 839 generis
1113 804 1217 841 saepe
1244 794 1398 834 refracti
1431 801 1531 836 sunt.

142 956 294 1000 SUBTR.
336 959 385 1001 ll.
428 958 799 1003 CERASTJEAE.
844 962 964 1004 Fenzl
993 963 1071 1005 loc.
1104 963 1173 1006 cit.
1203 991 1259 995 —
1286 965 1450 1021 Styt55
1483 967 1722 1023 (rarissime
1736 971 1810 1013 3-4

490 1019 647 1075 sepalis
679 1021 875 1076 oppositi.
925 1019 1113 1076 capsula
1153 1024 1393 1078 cylindrica
1419 1026 1482 1068 vel
1512 1027 1828 1082 cylindrico-oo-

493 1078 590 1120 nica
621 1078 820 1121 dentibus
853 1079 909 1121 10
942 1079 1173 1122 dehiscens.

584 1225 823 1273 MOENcfflA
860 1225 998 1286 (Ehrll.
1030 1225 1154 1274 Beitr.
1191 1227 1248 1283 lt,
1281 1227 1396 1288 277).

202 1368 323 1426 Calyx
350 1369 428 1412 4-5
454 1372 636 1427 sepalus.
684 1371 823 1413 Petala
849 1370 928 1414 4-5
956 1371 1119 1427 integra
1148 1374 1210 1415 vel
1238 1381 1394 1416 retusa.
1439 1374 1625 1417 Stamina
1651 1374 1822 1419 4-8-10.

145 1426 244 1484 Styli
273 1427 365 1470 4-5.
396 1428 593 1472 Ovariurn
622 1429 974 1472 multiovulatum.
1020 1429 1195 1486 Capsula
1224 1431 1338 1488 apice
1367 1431 1467 1475 8-10
1493 1432 1663 1476 dentata
1690 1434 1827 1476 denti-

143 1485 221 1527 bus
263 1487 453 1537 margine
496 1488 709 1530 revolutis.
755 1487 924 1531 Semina
966 1488 1216 1531 reniformia
1257 1504 1341 1532 non
1383 1490 1560 1533 arillata.
1591 1518 1648 1522 —
1675 1491 1825 1535 Herbae

142 1557 294 1588 annuae
320 1544 479 1602 ‘glabrae
505 1547 665 1602 glaucae
693 1561 715 1589 a
746 1546 936 1590 Cerastio
963 1548 1132 1603 capsula
1159 1548 1401 1591 abbreviata
1438 1556 1479 1591 et
1503 1550 1651 1605 petalis
1679 1550 1824 1593 subin-

142 1602 273 1659 tegris
301 1611 464 1647 tantum
491 1604 699 1648 distinctae
726 1605 798 1648 sed
825 1605 995 1649 habitus
1022 1606 1234 1663 proprius.

198 1746 267 1787 M.
295 1744 583 1788 octandra
618 1745 672 1801 (J.
694 1745 778 1802 Gay
808 1746 848 1788 in
879 1747 1095 1803 Perreym.
1127 1745 1253 1788 Catal.
1286 1761 1327 1802 p.
1360 1746 1401 1800 7)
1437 1747 1665 1800 virescens,
1704 1750 1821 1791 caule

142 1801 219 1844 ‘l-02
246 1801 384 1845 rarius
410 1802 489 1845 3-5
516 1803 648 1862 floro,
692 1804 908 1859 pedicellis
937 1805 1119 1847 tenuiter
1146 1804 1415 1847 filiformibus
1443 1806 1583 1862 calyce
1611 1806 1822 1849 multoties

140 1860 419 1913 longioribus,
450 1860 559 1904 foliis
584 1862 1077 1906 lanceolam-linearibus
1105 1863 1612 1917 attenuato-acuminatis,
1642 1864 1822 1907 bracteis

141 1918 360 1962 herbaceis
402 1927 579 1975 anguste
620 1921 835 1974 scariosis,
878 1920 1056 1964 floribus
1094 1921 1349 1973 tels-ameris,
1394 1921 1546 1977 sepalis
1578 1923 1821 1966 lanceolatis

139 1977 272 2020 acutis
301 1977 491 2033 margine
519 1979 599 2021 late
627 1979 825 2022 scariosis
854 1981 989 2036 petala
1015 1980 1109 2022 alba
1136 1980 1535 2035 subsuperantibus,
1569 1980 1821 2024 staminibus

139 2035 181 2088 8,
210 2036 324 2094 stylis
353 2037 583 2079 recurvatis
610 2037 752 2080 ovario
780 2038 859 2081 sub
887 2038 1050 2080 anthesi
1079 2039 1206 2095 duplo
1233 2037 1517 2090 brevioribus,
1547 2040 1717 2095 capsula
1744 2039 1819 2081 ob-

138 2094 262 2150 longa
302 2095 443 2152 calyce
483 2095 546 2137 vix
589 2095 774 2139 breviori
819 2103 884 2148 O.
935 2095 1174 2139 Cerealium
1210 2097 1411 2151 qlaucum
1441 2110 1533 2138 var.
1570 2098 1821 2149 octandrum

138 2151 264 2195 Gren.
295 2160 336 2196 et
360 2153 488 2197 Godr.
518 2153 578 2196 Fl.
610 2153 679 2197 Fr.
712 2155 753 2208 l,
781 2169 823 2212 p.
854 2154 954 2198 267.
985 2181 1041 2185 —
1071 2154 1312 2198 Cerastz'um
1340 2159 1459 2197 tenue
1490 2154 1577 2197 Viv.
1609 2155 1670 2198 Fl.
1700 2154 1815 2198 Cors.

138 2224 234 2267 pag.
265 2210 305 2254 7.

197 2281 297 2319 Hab.
324 2282 361 2318 in
384 2281 489 2320 arvis
514 2281 683 2320 humidis
710 2282 884 2331 Smyrnae
909 2282 1014 2334 (Bal.
1042 2295 1122 2321 exs.
1148 2280 1207 2322 54
1224 2277 1275 2332 l),
1304 2282 1496 2319 Armeniae
1518 2282 1568 2319 ad
1593 2281 1818 2330 Trapezun-

138 2343 217 2377 tem
242 2340 391 2390 (Bourg
407 2341 452 2391 l).
478 2341 540 2379 Fl.
568 2353 673 2379 vere.

197 2407 365 2446 Probab.
391 2408 558 2445 varietas
583 2409 771 2447 octandra
800 2408 851 2447 M.
875 2413 1007 2448 erectae
1031 2408 1076 2446 L.
1099 2408 1164 2456 Sp.
1189 2406 1274 2447 185
1298 2406 1386 2456 (sub
1410 2405 1575 2456 Saqind)
1601 2407 1638 2443 in
1662 2407 1820 2454 Europa

139 2467 267 2504 media
290 2467 537 2516 occidentali,
563 2468 755 2516 Hispania
780 2473 815 2505 et
841 2468 976 2506 Sicilia
1001 2468 1226 2506 crescentis.
1478 2477 1484 2482 ·

197 2531 272 2571 Ar.
306 2537 465 2583 Geogr.
500 2534 726 2580 Lusitania,
761 2535 973 2583 Hispania,
1005 2533 1135 2572 Gallia
1157 2533 1360 2580 australis,
1386 2530 1568 2578 Corsica,
1596 2530 1728 2568 Africa
1752 2531 1816 2568 bo-

140 2593 271 2630 realis.

200 2747 268 2789 M.
298 2747 502 2790 Graeca
544 2747 703 2803 (Boiss.
741 2754 781 2789 et
814 2747 958 2789 Heldr.
999 2746 1145 2800 Diagn.
1182 2746 1271 2788 Ser.
1306 2745 1363 2796 ll,
1393 2746 1425 2796 Ι,
1455 2758 1494 2800 p.
1527 2744 1608 2799 91)
1651 2745 1816 2799 glauca,

142 2803 320 2859 pumila,
350 2804 503 2860 saepius
529 2819 553 2847 a
579 2806 685 2847 collo
714 2805 980 2862 pluricaulis,
1011 2804 1119 2847 soliis
1146 2802 1609 2859 oblongo-lanceolatis
1635 2802 1818 2844 acutius-

144 2862 265 2914 culis,
285 2862 465 2905 bracteis
484 2862 1053 2918 latescarioso-marginatis,
1074 2861 1287 2918 pedicellis
1305 2860 1596 2903 crassiusculis
1613 2860 1818 2902 llcxuoso-

144 2920 325 2963 arcuatis
353 2921 471 2979 apice
500 2921 744 2965 incrassatis
771 2923 908 2980 calyce
936 2921 961 2964 3
978 2920 1035 2963 -4
1062 2922 1129 2979 plo
1158 2919 1436 2975 longioribus,
1472 2918 1648 2961 floribus
1675 2924 1819 2974 penta-
