2021 3235
1002 86 1086 129 3702

258 178 303 231 β.
334 190 634 236 yymnocarpa.
657 176 838 220 Siliculae
865 178 1038 233 glabrae.
1077 178 1121 220 T.
1143 193 1430 236 yymnocarpa
1447 178 1587 222 Fisch.
1616 181 1660 223 in
1679 193 1745 224 Dc.
1768 180 1876 238 Syst.

199 234 252 288 ΙΙ,
282 249 321 292 p.
354 234 453 277 564.
488 235 646 277 Pi‘aeter
671 236 856 278 fructum
884 237 1081 292 glabrum
1111 243 1208 294 typo
1236 238 1466 280 simillima.

254 307 355 344 Hab.
382 307 481 344 inter
502 306 704 344 Khabbise
728 314 764 345 et
788 308 960 345 Kerman
984 303 1198 363 (Bungel),
1224 310 1262 347 in
1285 309 1551 347 Turkestania
1578 310 1761 360 (Lehm.).

254 373 330 414 Ar.
353 380 512 424 Geogr.
546 375 669 423 Regio
696 375 883 425 Caspica,
918 376 1125 425 Songaria,
1153 377 1296 416 Sibiria
1328 377 1502 427 Altaica,
1530 379 1740 428 Himalaya
1774 379 1875 417 occi-

196 435 362 472 dentalis
389 438 426 472 et
451 434 621 473 Tibetia.

918 591 1149 640 BOREAVA

655 673 797 732 (Jaul).
832 678 871 721 et
905 674 972 735 Sp.
1012 673 1074 720 lll.
1115 673 1182 721 (Dr.
1218 673 1258 730 l,
1296 688 1334 735 p.
1375 673 1432 734 3).

246 816 724 874 Calyxrsubbigibbosus
754 827 913 875 patens.
947 819 1087 862 Petala
1114 819 1557 875 oblongo-spathulata
1587 819 1877 875 unguiculata.

189 875 422 918 Filamenta
449 876 662 920 edentula.
692 876 861 920 Silicula
887 885 1219 920 nucamentacea
1247 878 1354 920 dura
1383 878 1654 921 indehiscens
1681 885 1801 921 ovata
1819 880 1881 921 vel

189 933 496 989 subtetragona
524 942 670 991 aptcra
696 937 759 978 vel
787 936 1051 992 quadrialata
1078 949 1380 992 monosperma
1408 937 1515 994 stylo
1549 943 1766 993 superata.
1810 937 1882 980 Se-

188 1006 287 1035 men
314 999 483 1036 ovatum
512 994 758 1049 pendulum.
796 994 1073 1052 Cotyledones
1110 1008 1303 1038 concavae
1339 994 1655 1049 incumbentes,
1693 995 1883 1039 radicula

188 1052 299 1093 ultra
328 1052 595 1109 cotyledones
624 1052 668 1094 in
696 1061 880 1096 rostrum
899 1054 1107 1110 producta
1122 1079 1181 1084 ——
1198 1053 1351 1095 Herhae
1370 1067 1522 1097 annuae
1540 1054 1699 1109 glabrae
1719 1054 1881 1109 glaucae

189 1110 308 1152 caule
336 1110 866 1169 paniculato-corymboso‚
896 1112 1009 1155 soliis·
1025 1112 1202 1167 integris
1221 1112 1680 1165 cordato-auriculatis,
1700 1113 1881 1156 racemis

189 1167 459 1222 ebracteatis‚
488 1168 667 1212 floribus
694 1170 984 1214 mediocribus
1011 1171 1164 1227 pallide
1192 1170 1335 1212 luteis.

247 1316 305 1359 B.
335 1316 658 1360 orientalis
687 1316 828 1372 (Jaub.
861 1324 900 1360 et
917 1317 985 1374 Sp.
1009 1319 1086 1361 loc.
1119 1319 1186 1361 cit.
1212 1318 1295 1361 tab.
1319 1318 1363 1375 02)
1385 1318 1496 1361 soliis
1514 1317 1708 1374 oblongis
1727 1319 1877 1370 acutis,

187 1373 363 1418 siliculis
391 1374 597 1430 pedicello
626 1376 741 1418 tenui
771 1384 912 1419 erecto
941 1378 1083 1433 patulo
1112 1377 1437 1433 subzequilongo
1466 1376 1646 1419 suffultis
1674 1377 1880 1420 subtetra-

185 1433 308 1489 gonis
353 1433 593 1489 tetrapteris
634 1434 993 1477 subtuberculatis
1030 1435 1141 1478 inter
1179 1437 1264 1478 alas
1292 1435 1479 1491 integras
1506 1435 1623 1478 valde
1651 1436 1878 1479 undulato-

185 1490 352 1548 plicatis
393 1491 435 1534 in
465 1492 619 1548 stylum
661 1492 1019 1550 pyramidato-teti
1034 1508 1219 1550 agonum
1247 1494 1306 1536 eis
1334 1494 1511 1537 dimidio
1538 1493 1749 1537 minorem
1775 1501 1880 1537 atte-

186 1549 330 1592 nuatis
362 1555 429 1601 (D.

243 1621 343 1659 Hab.
370 1621 468 1658 inter
486 1625 640 1669 segetes
665 1621 867 1672 Anatoliae‚
897 1625 1034 1661 mont-is
1058 1623 1344 1673 Kechichdagh
1374 1634 1498 1671 prope
1523 1623 1657 1661 Tokat
1680 1627 1718 1661 et
1743 1624 1874 1662 Elma-

185 1680 288 1728 dagh
313 1692 436 1729 prope
454 1680 615 1728 Angora
640 1676 841 1736 (Wadi),
869 1682 1050 1731 Phrygiae
1073 1684 1123 1721 ad
1150 1682 1314 1722 Ouohak
1338 1682 1467 1733 (Jaub.
1495 1683 1565 1721 Bal
1582 1684 1589 1719 l
1605 1680 1629 1734 )‚
1658 1682 1782 1722 Cariae
1796 1681 1876 1737 (Pi-

184 1737 307 1778 nard!
325 1740 352 1790 )‚
380 1739 513 1788 Lyciae
547 1740 596 1778 ad
634 1741 785 1779 Elmalu
820 1737 1001 1791 (Bourgl
1021 1741 1046 1792 ),
1073 1743 1334 1791 Cappadociae
1370 1742 1420 1779 ad
1446 1741 1664 1780 Caesaream
1690 1741 1786 1792 (Bal
1809 1743 1817 1781 !
1838 1740 1879 1797 ),

183 1799 299 1837 Ponti
324 1798 471 1849 (Tchih
488 1793 533 1848 l),
559 1800 753 1838 Armeniae
770 1801 904 1839 merid.
929 1803 979 1839 ad
995 1802 1150 1851 Karput
1173 1800 1329 1854 (Noe'l),
1356 1800 1503 1839 Ciliciae
1526 1801 1712 1842 Kurdioae
1731 1797 1878 1854 (Kyl),

185 1857 309 1907 Syriae
333 1858 381 1896 ad
407 1851 561 1907 Aleppo
589 1858 729 1910 (Aucli.
753 1871 833 1899 exs.
861 1854 1003 1913 184l).

245 1926 385 1963 Planta
408 1924 488 1964 1-2
510 1927 674 1976 pedalis,
695 1927 788 1965 folia
811 1929 997 1968 inferiora
1011 1941 1114 1978 saepe
1139 1928 1220 1968 5-4
1243 1929 1463 1978 pollicaria.
1486 1929 1622 1968 Petala
1644 1926 1731 1983 2¹s4
1754 1930 1877 1968 lineas

183 1985 315 2035 longa,
342 1985 493 2024 silicula
520 1997 606 2024 cum
629 1987 731 2035 stylo
756 1985 831 2028 4-5
858 1989 978 2028 lineas
1003 1989 1145 2040 longa3
1170 1989 1326 2028 habitus
1351 1988 1558 2028 Bum‘adis.

245 2153 302 2195 B.
331 2155 539 2207 aptera
581 2153 730 2209 (Boiss.
779 2161 819 2196 et
862 2153 1005 2197 Heldr.
1054 2154 1201 2210 Diagn.
1248 2154 1337 2197 Ser.
1388 2154 1421 2208 Ι,
1450 2154 1561 2209 VIII,
1591 2169 1632 2212 p.
1663 2155 1878 2213 49)s01iis

186 2210 529 2266 ovato-oblongis
556 2212 874 2265 obtusiusculiS,
904 2212 1068 2256 silicula
1095 2213 1299 2270 pedicello
1326 2213 1473 2270 gracili
1502 2216 1811 2272 erecto-patulo
1830 2219 1878 2258 ea

185 2269 371 2311 breviori
399 2269 569 2312 suffulta
596 2274 715 2313 ovata
743 2275 903 2327 aptera,
933 2272 976 2314 in
1005 2279 1190 2314 rostrum
1218 2272 1345 2314 breve
1374 2271 1633 2328 triangulare
1660 2287 1876 2330 compres-

186 2341 280 2371 sum
309 2334 478 2370 acutum
509 2328 699 2382 abeunti,
728 2329 993 2386 marginibus
1022 2330 1350 2373 decurrentibus
1387 2330 1514 2374 rostri
1542 2331 1691 2375 obtuse
1718 2332 1875 2375 bicari-

184 2389 300 2438 nata,
330 2385 441 2428 inter
468 2386 637 2429 carinas
665 2388 866 2445 utrinque
894 2389 1111 2432 tricostata
1142 2395 1208 2440 Θ.

242 2457 347 2495 Hab.
373 2457 412 2494 in
439 2458 551 2494 cultis
575 2459 694 2496 aridis
722 2459 876 2497 Pisidiae
899 2461 950 2498 ad
974 2460 1173 2498 Bouldour
1197 2452 1355 2513 (Heldrl
1375 2460 1404 2511 ),
1435 2460 1567 2509 Lyciae
1589 2459 1690 2499 inter
1715 2462 1869 2500 Elmalu

186 2520 225 2556 et
248 2516 391 2554 Adalia
408 2516 557 2564 (Bourg
574 2511 620 2569 l).

243 2583 376 2620 Herba
398 2583 652 2630 praecedentis
676 2585 745 2622 sed
767 2586 949 2633 panicula
973 2586 1098 2635 magis
1122 2585 1350 2636 divaricata,
1376 2586 1471 2624 folia
1501 2587 1662 2638 minora,
1691 2587 1876 2626 inferiora

185 2642 392 2691 pollicaria
416 2643 619 2690 superiora
644 2644 761 2682 multo
786 2644 957 2695 minora,
983 2645 1136 2684 silicula
1161 2657 1247 2684 cum
1271 2649 1399 2684 rostro
1432 2644 1460 2685 5
1486 2646 1610 2685 lineas
1638 2647 1780 2699 longa3
1805 2647 1877 2685 ha-

184 2700 288 2740 bitus
322 2700 578 2741 Tauseheriae.
