2021 3235
1034 132 1090 177 80

274 275 334 319 D.
360 273 784 332 glandulosum
809 272 959 330 (Boiss.
996 278 1037 315 et
1072 272 1182 315 Huet
1208 271 1355 326 Diagn.
1383 269 1471 313 Ser.
1502 269 1554 323 ll,
1582 269 1631 323 V,
1660 283 1701 326 p.
1731 267 1806 326 M)
1835 281 1906 312 ra-

216 333 524 387 mosissimum,
553 332 802 375 indumento
830 332 882 375 ad
909 331 1049 374 caules
1067 338 1107 374 et
1133 330 1232 373 folia
1250 329 1438 386 crispulo
1456 329 1509 372 ad
1527 341 1669 371 ramos
1688 333 1728 371 et
1744 328 1907 384 pedun-

214 393 332 436 culos
359 391 473 435 molli
503 391 910 447 aureo-glanduloso
938 389 1147 442 obsitum,
1178 388 1359 431 racemis
1386 386 1654 440 laxiusculis,
1684 385 1811 443 petali
1848 387 1909 430 la·

211 451 282 495 bio
310 450 564 494 intermedio
593 456 769 506 anguste
797 447 948 492 lineari
976 447 1106 491 bifido
1137 446 1382 490 lateralibus
1409 444 1675 490 subbreviori
1694 480 1704 497 ,
1745 445 1910 489 calcare

212 511 351 567 petalo
378 509 506 566 duplo
532 508 742 565 longiori,
772 508 944 565 capsula
969 506 1211 563 pedunculo
1230 508 1279 548 ea
1297 503 1513 548 multoties
1530 503 1715 559 longiori
1743 511 1911 547 erecto-

212 570 356 626 patulo
383 567 553 611 suffulta
579 568 763 623 oblonga
789 566 1116 622 subcompressa
1144 563 1404 607 subincurva
1437 563 1577 620 patule
1615 561 1727 605 hirta
1754 562 1910 606 latera-

213 628 309 671 liter
336 634 376 671 et
402 627 527 683 longe
554 629 758 678 rostrata,
789 623 965 668 seminis
992 622 1181 680 squamis
1207 621 1501 665 subdistinctis
1529 621 1582 664 ad
1610 621 1791 677 angulos
1810 634 1910 678 pro-

215 685 479 729 minentibus
512 691 577 737 O.

274 772 314 796 α.
350 752 638 803 lasiostemon,
670 749 888 792 fil-amenta
918 760 1046 805 parce
1073 746 1231 790 ciliata.

274 824 376 862 Hab.
402 823 440 860 in
466 823 580 862 cultis
604 821 799 859 Armeniae
824 820 1007 859 Turcicae
1029 819 1079 857 ad
1101 818 1365 857 Maimansour
1388 817 1574 869 (Huetl).

271 890 316 944 β.
356 887 616 940 leiostcmon,
645 885 864 929 filamenta
889 884 1055 941 glabra.

273 961 376 998 Hab.
399 960 437 996 in
465 959 589 1007 Lycia
611 967 733 1005 prope
759 956 915 994 Elmalu
938 953 1125 1006 (Bourgl)
1151 953 1257 992 circa
1280 953 1440 992 Amasia.
1472 952 1670 1005 (Wiedt),
1698 952 1912 1002 Cappado-

215 1021 278 1059 cia
302 1020 353 1058 ad
379 1019 598 1057 Caesaream
625 1015 725 1069 (Bal.
755 1028 837 1054 exs.
862 1017 948 1054 sub.
976 1014 1019 1054 D.
1045 1014 1289 1061 divaricata).

275 1088 448 1126 Laciniae
473 1086 654 1124 foliorum
690 1085 881 1132 lineares,
915 1084 1031 1122 flores
1058 1084 1114 1121 eis
1144 1083 1187 1120 D.
1224 1081 1357 1131 Ajczcis
1394 1082 1510 1130 paulo
1553 1082 1748 1129 minores,
1779 1081 1915 1131 scpala

215 1145 644 1196 oblongo-spathulata,
670 1144 878 1193 pedunculi
904 1143 1093 1182 fructiferi
1120 1142 1140 1182 1
1161 1166 1169 1171 -
1191 1141 1208 1192 1
1236 1138 1289 1195 ¹s2
1306 1142 1531 1192 pollicares,
1558 1141 1722 1190 capsula
1744 1136 1823 1180 4-5
1841 1141 1911 1179 lin.

214 1209 350 1256 longa.

288 1350 349 1393 D.
387 1349 793 1392 tomentosum
822 1343 975 1400 (Auch.
1013 1343 1057 1386 in
1090 1342 1220 1386 Boiss.
1258 1342 1318 1385 Pl.
1371 1341 1532 1385 Orient.
1571 1342 1678 1384 Ann.
1712 1340 1777 1384 Sc.
1816 1339 1910 1384 Nat.

215 1408 346 1461 4841,
376 1421 416 1464 p.
445 1404 531 1449 365
559 1419 607 1448 ex
633 1404 772 1462 parte)
802 1401 1125 1459 adpressissime
1153 1415 1324 1454 canum,
1355 1416 1378 1444 a
1405 1400 1496 1443 basi
1525 1413 1763 1453 ramosum,
1793 1412 1913 1442 race-

218 1468 298 1511 mis
325 1464 524 1509 brevibus
559 1462 728 1515 densis,
763 1462 902 1519 petalo
938 1475 960 1504 e
995 1461 1086 1505 basi
1122 1463 1301 1504 cuneata
1335 1459 1585 1516 triangulari
1624 1458 1806 1502 obscure
1844 1457 1914 1500 tri-

217 1527 316 1570 lobo
343 1524 462 1582 apice
489 1522 640 1566 obtuso
667 1521 852 1564 breviter
879 1519 1010 1563 bifido
1043 1520 1208 1563 inferne
1244 1519 1298 1562 ob
1332 1518 1452 1562 lobos
1487 1518 1684 1560 laterales
1726 1516 1915 1560 minutos

219 1587 420 1629 deorsum
449 1581 633 1625 directos
660 1580 859 1632 cordato,
889 1579 1053 1622 calcare
1085 1579 1224 1636 petalo
1260 1578 1387 1635 paulo
1419 1576 1637 1633 longiore,
1672 1576 1846 1633 capsula
1871 1574 1915 1618 in

219 1641 461 1702 pedunculo
489 1639 794 1696 erecto-patulo
820 1639 946 1694 longe
979 1636 1242 1681 bibracteato
1270 1636 1453 1679 refracta
1485 1635 1686 1692 adpresse
1713 1637 1818 1678 cana
1855 1641 1915 1676 te-

220 1703 363 1746 nuiter
389 1698 623 1758 cylindrica
664 1698 917 1741 subcurvata
952 1695 995 1738 in
1031 1704 1216 1739 rostrum
1250 1694 1408 1739 sensim
1450 1696 1689 1747 attenuata,
1729 1692 1916 1751 squamis

222 1760 397 1805 seminis
424 1759 467 1801 in
496 1772 624 1814 rugas
653 1764 915 1799 transversas
942 1754 1152 1799 concretis
1183 1761 1248 1806 O.
1289 1754 1340 1797 D.
1383 1752 1750 1809 Hellesponticum
1783 1750 1915 1795 Boiss.

220 1822 328 1864 Ann.
360 1820 437 1861 loc.
467 1817 535 1860 cit.
565 1830 604 1873 p.
633 1814 718 1859 366
747 1814 905 1871 (forma
931 1813 1255 1857 submonstrosa
1281 1812 1462 1856 floribus
1489 1810 1748 1868 diminutis).

278 1893 381 1930 Hab.
416 1891 455 1927 in
488 1890 602 1928 cultis
638 1888 837 1925 derelictis
875 1886 1116 1924 Macedoniae
1150 1884 1273 1936 (Friv.
1313 1886 1385 1923 sub
1414 1884 1459 1923 D.
1497 1882 1763 1931 pubescenti),
1792 1881 1917 1921 Gariae

220 1949 405 2004 (Boissl),
434 1949 567 1998 Lyciae
591 1946 755 1998 (Bourg.
783 1958 866 1984 exs.
892 1944 970 1993 7!),
998 1945 1181 1995 Phrygiae
1206 1945 1256 1982 ad
1280 1943 1447 1983 Ouchak
1474 1943 1620 1993 (Bali),
1647 1942 1914 1991 Cappadociae

219 2008 450 2063 (Tchiht),
486 2008 611 2057 Syriae
645 2007 694 2044 ad
728 2006 882 2055 Aleppo
909 2004 1011 2057 (Ky.
1050 2017 1132 2044 exs.
1165 2002 1244 2044 76!
1285 2008 1324 2042 et
1357 2015 1438 2042 exs.
1474 2000 1592 2044 1845
1617 2009 1661 2041 n0
1684 1999 1830 2052 2501).
1855 2000 1916 2039 Fl.

219 2074 370 2111 aestate.

278 2135 539 2185 Semipedale,
563 2133 661 2172 rami
688 2132 919 2181 divaricati,
944 2130 1098 2170 laciniae
1129 2130 1311 2169 foliorum
1335 2132 1501 2179 anguste
1525 2130 1707 2179 lineares,
1731 2128 1825 2167 folia¹
1848 2127 1917 2166 flo-

218 2198 318 2238 ralia
339 2195 536 2245 tripartita
558 2194 620 2232 vel
659 2193 833 2241 integra,
856 2191 975 2230 flores
1015 2202 1144 2240 magn.
1188 2189 1234 2228 D.
1277 2188 1410 2240 AJacis
1436 2189 1605 2228 violacei
1628 2188 1692 2228 vel
1733 2187 1917 2228 coerules-

220 2260 365 2306 centes,
392 2255 554 2304 capsula
575 2253 748 2302 pendula
770 2250 847 2292 5-6
871 2251 938 2290 lin.
964 2251 1098 2300 longa.

278 2389 338 2432 D.
357 2383 751 2442 eliganthum‚
767 2379 979 2438 pumilum
1006 2377 1208 2436 adpresse
1235 2390 1491 2431 canescens,
1519 2375 1703 2420 racemis
1729 2375 1919 2419 breviter

213 2454 254 2491 et
279 2447 411 2490 dense
435 2441 514 2486 4-5
542 2441 682 2492 floris,
711 2441 850 2497 petalo
877 2452 899 2481 e
926 2436 1017 2482 basi
1045 2439 1226 2494 cuneata
1259 2434 1778 2492 triangulari-subtrilobo
1807 2432 1919 2478 lobis

213 2503 461 2550 lateralibus
510 2499 870 2552 horizontalibus,
909 2498 1072 2540 calcare
1113 2496 1253 2553 petalo
1295 2496 1422 2553 paulo
1463 2493 1671 2548 breviori,
1701 2494 1843 2551 calyce
1878 2497 1919 2535 et

215 2565 374 2608 corolla
401 2568 497 2620 post
532 2557 729 2603 anthesin
757 2555 1185 2614 subpersistentibus,
1224 2555 1396 2611 capsula
1439 2552 1483 2596 in
1521 2553 1765 2610 pedunculo
1799 2551 1919 2609 apice

212 2625 339 2678 longe
374 2621 636 2665 bibracte-ato
671 2619 810 2659 crecta
844 2615 1044 2672 adpresse
1080 2615 1319 2656 tomentosa
1355 2613 1542 2667 oblonga
1581 2610 1820 2655 ventricosa
1851 2615 1918 2662 Ε).

215 2683 266 2726 D.
298 2686 577 2726 tomentosum
603 2676 735 2719 Auch.
764 2676 842 2718 loc.
872 2674 942 2723 cit.
971 2672 1112 2730 quoad
1144 2672 1200 2729 pl.
1233 2671 1465 2715 Persicam.

274 2752 376 2790 Hab.
397 2751 436 2788 in
460 2749 616 2786 deserto
645 2745 771 2794 Syriae
800 2745 902 2782 inter
927 2743 1053 2780 Hama
1077 2745 1115 2780 ct
1137 2741 1361 2790 Palmyram
1384 2740 1448 2792 (Bl
1464 2739 1516 2790 !),
1537 2739 1587 2777 ad
1612 2741 1768 2789 segetes
1792 2747 1920 2786 prope

215 2811 374 2850 Aintab.
399 2808 524 2858 Syriae
545 2807 631 2845 bor.
655 2803 860 2856 (Hausskn
875 2795 923 2854 !),
949 2803 988 2840 in
1010 2801 1148 2840 Persia
1172 2799 1315 2851 (Auch.
1343 2810 1426 2844 exsp
1455 2796 1510 2839 77
1526 2798 1570 2850 !)-

276 2877 312 2916 A
333 2873 571 2926 praecedenti
603 2872 733 2911 differt
755 2870 918 2909 floribus
957 2869 1038 2907 fere
1063 2865 1224 2907 dimidio
1247 2867 1488 2914 minoribus,
1513 2865 1634 2915 petali
1663 2865 1786 2910 foma,
1816 2863 1899 2903 cal-

219 2948 309 2977 care
332 2933 577 2982 abbreviato,
608 2929 773 2980 capsula
790 2929 945 2968 erecta.
