2021 3235
914 163 997 208 763

165 321 234 363 M.
253 320 602 364 Germanica
629 318 693 373 (L.
714 317 781 374 Sp.
804 317 886 361 367
915 319 993 361 sub
1022 319 1254 376 Tamarz'ce)
1284 320 1393 362 soliis
1420 320 1786 375 lineari-oblongis

108 377 268 421 obtusis
295 377 385 420 basi
413 376 667 428 rotundatis,
711 377 892 420 racemis
921 376 1215 419 terminalibus
1243 377 1529 433 simplicibus,
1575 380 1786 434 pcdicellis

108 435 232 493 calyci
261 435 512 493 aequilongis
538 435 600 477 vel
627 434 1000 487 subbrevioribus,
1036 435 1218 477 bracteis
1245 449 1266 478 e
1293 435 1380 477 basi
1410 438 1786 480 ovato-lanceolata

108 494 360 538 acuminatis
386 495 467 537 late
495 493 832 536 membranaceis
866 493 1099 537 sublaceris
1135 493 1267 536 acutis
1304 495 1484 550 calyccni
1522 496 1786 550 aequantibus

106 554 166 595 vel
194 553 510 609 superantibus,
540 551 691 608 sepalis
718 551 963 595 lanceolatis
995 558 1034 603 5.
1080 552 1137 594 M.
1173 550 1424 595 Germanica
1453 552 1570 594 Desv.
1602 554 1681 595 loc.
1714 554 1781 596 cit.

107 611 164 655 M.
195 611 393 654 herbacea
423 611 543 654 Desv.
575 611 655 653 loe.
686 609 771 653 eit?

167 683 268 723 Hab.
293 684 339 720 ad
365 683 510 720 rivulos
534 683 572 719 in
609 682 768 730 regione
797 682 1000 729 montana,
1028 681 1278 729 Cappadocia
1303 681 1442 731 (Aucli.
1483 678 1618 720 2825!
1659 680 1786 732 Bait),

110 743 256 781 Pontus
283 740 477 795 (Tohiht),
504 742 690 780 Armenia
712 741 882 780 Tureica
905 739 1073 789 (Tehihl
1097 738 1289 790 Bourg1),
1316 740 1463 778 Tauria
1490 744 1527 777 et
1557 752 1667 788 prov.
1689 739 1790 779 Cau-

112 802 287 848 casicael,
315 802 452 839 Persia
472 801 644 840 borealis
668 797 749 853 (Ky
775 811 865 838 exs„
881 797 991 840 588!
1019 795 1206 854 Buhsel),
1231 799 1458 837 Khorassan
1484 802 1522 837 et
1546 799 1681 837 Persia
1705 812 1789 837 aus-

109 861 218 899 tralis
242 862 342 900 inter
365 860 569 899 Khabbise
595 863 631 897 et
656 859 828 896 Kerman
865 855 1092 912 (Bunge!)‚
1120 858 1327 907 Affghania
1352 856 1491 908 (Grifft
1511 854 1542 912 ).
1568 858 1626 896 Fl.
1653 871 1675 896 a
1700 870 1790 896 vere

109 920 157 958 ad
183 924 418 959 autumnum.

167 986 306 1026 Omnia
330 988 544 1037 specimina
568 999 652 1036 quae
685 986 762 1024 vidi
791 986 842 1025 M.
875 987 1068 1025 leerbaeeae
1093 987 1131 1022 in
1155 985 1329 1024 Caucaso
1358 986 1537 1024 indicatae
1562 997 1585 1022 a
1620 985 1669 1023 M.
1698 985 1792 1023 Ger-

108 1049 262 1087 manica
287 1060 362 1085 non
399 1048 601 1097 differunt3
628 1050 768 1094 praeter
802 1043 931 1084 ramos
955 1046 1171 1083 herbaecos
1196 1045 1259 1093 qui
1284 1045 1319 1081 in
1347 1045 1418 1083 hac
1453 1045 1584 1093 speeie
1617 1045 1794 1093 juniores

108 1119 260 1157 quoque
278 1106 462 1146 herbacei
480 1110 568 1144 sunt
591 1105 644 1145 M.
661 1106 849 1144 herbacea
871 1106 1031 1144 floribus
1056 1104 1334 1142 subsessilibus
1353 1105 1508 1142 differre
1534 1103 1685 1152 dicitur,
1714 1115 1796 1152 quae

111 1170 204 1204 nota
227 1170 288 1205 sat
309 1168 420 1204 firma
442 1178 529 1204 esse
552 1178 628 1204 non
653 1166 821 1204 videtur.

164 1321 233 1363 M.
265 1320 524 1364 Armena
565 1318 730 1376 (Boiss.
773 1326 813 1361 et
851 1319 960 1361 Huet.
993 1318 1142 1373 Diagn.
1174 1316 1265 1359 Ser.
1299 1316 1359 1368 ll,
1391 1316 1454 1368 11,
1485 1330 1525 1372 p.
1557 1314 1643 1371 58)
1686 1314 1795 1357 soliis

107 1377 507 1431 lineari-oblongis
543 1377 707 1421 obtusis
744 1377 834 1420 basi
874 1376 1111 1420 rotundatis
1148 1373 1793 1428 membranaceo-marginatis,

108 1436 287 1479 racemis
315 1436 562 1479 lateralibus
586 1435 805 1479 sessilibus
832 1434 1027 1491 oblongis
1054 1433 1213 1485 densiS,
1243 1432 1459 1489 pedicellis
1477 1433 1613 1489 calyce
1632 1431 1796 1474 brevio-

109 1494 244 1549 ribus,
288 1494 472 1538 bracteis
513 1509 534 1537 e
576 1494 665 1538 basi
707 1494 772 1537 vix
814 1496 1035 1550 angustata
1078 1490 1494 1534 lineari-cucullatis
1528 1490 1688 1533 obtusis
1716 1491 1795 1532 late

108 1553 446 1596 membranaceis
473 1553 601 1611 calyci
630 1552 981 1610 subaequilongis,
1011 1550 1163 1608 sepalis
1192 1549 1433 1592 laiiceolatis
1461 1547 1796 1591 membranaceis

108 1611 358 1668 marginatis
385 1611 547 1655 obtusis
575 1619 612 1661 5.

165 1684 265 1722 Hab.
290 1684 328 1721 in
354 1685 454 1722 valle
476 1684 678 1722 Kassuklu
705 1684 898 1722 Armeniae
922 1682 1100 1721 Turcicae
1119 1681 1291 1732 (Huett).
1319 1680 1367 1717 ad
1392 1681 1576 1717 Erzerum
1601 1676 1740 1732 (Galvl
1764 1678 1794 1727 >-

107 1742 164 1780 Fi.
193 1744 407 1792 Apr.-Mai.

165 1812 326 1851 Raeemi
362 1810 469 1853 8-10
507 1814 631 1850 lineas
657 1812 763 1860 longi
788 1810 948 1849 rachide
973 1809 1120 1848 inferne
1144 1809 1304 1847 floribus
1344 1807 1545 1845 destituta.
1584 1806 1618 1843 A
1644 1816 1795 1854 praece-

109 1872 213 1909 denti
236 1873 400 1910 racemis
422 1872 661 1917 lateralibus,
690 1871 861 1909 bracteis
885 1870 1109 1918 sepalisque
1133 1868 1283 1907 obtusis
1307 1867 1510 1909 distincta,
1535 1877 1556 1902 a
1582 1865 1633 1903 M.
1661 1864 1791 1903 Dava-

107 1932 192 1970 rica
215 1942 298 1979 quae
319 1921 497 1970 racemos
520 1931 702 1969 laterales
721 1942 873 1979 quoque
898 1929 1013 1967 habet
1031 1928 1159 1965 differt
1182 1928 1236 1964 eis
1261 1939 1332 1963 uon
1360 1927 1475 1974 longe
1500 1925 1787 1972 pedunculatis,

107 1991 210 2028 foliis
231 1989 314 2031 2-5
336 1992 401 2040 plo
428 1991 642 2029 minoribus
668 1990 752 2028 basi
775 2000 851 2027 non
874 1989 992 2037 longe
1017 1987 1240 2025 attenuatis.

637 2160 862 2209 TAMARix
895 2159 953 2221 (L.
995 2158 1092 2206 Gen.
1133 2156 1257 2218 375).

166 2305 287 2364 Calyx
303 2306 376 2350 4-5
394 2306 551 2358 (rarius
568 2305 612 2363 6)
633 2304 829 2362 partitus.
862 2303 1003 2346 Petala
1019 2300 1091 2344 4-5
1111 2300 1269 2358 (rarius
1288 2298 1349 2355 6).
1380 2298 1547 2341 Semina
1574 2298 1601 2339 4
1627 2299 1686 2340 vel
1704 2295 1794 2358 5-7‘,

109 2363 213 2408 8-10
230 2364 348 2408 disco
366 2365 616 2422 glanduloso
634 2369 808 2406 crenato
825 2361 1003 2414 inserta,
1021 2359 1246 2402 filamentis
1264 2357 1423 2399 liberis.
1445 2356 1487 2399 St
1515 2356 1541 2398 li
1555 2355 1626 2398 3-4
1640 2355 1797 2410 (rarius

107 2422 202 2478 2-5>
229 2423 445 2467 interdum
474 2421 731 2466 brevissimi.
762 2420 940 2477 Capsula
966 2416 1243 2461 unilocularis
1271 2415 1397 2458 valvis
1424 2413 1471 2457 3-
1488 2429 1504 2457 i
1530 2415 1579 2457 ad
1610 2413 1794 2455 inedium

105 2483 321 2539 placentas
348 2481 513 2524 inferne
541 2481 798 2524 incrassatas
838 2491 1008 2521 sursum
1049 2476 1386 2532 deliquescentes
1421 2472 1684 2536 gerentibus.
1723 2470 1794 2513 So-

105 2540 220 2583 mina
246 2540 290 2583 in
318 2547 505 2583 rostrum
532 2554 556 2583 a
591 2538 681 2581 basi
710 2544 924 2581 comatum
954 2536 1171 2592 producta.
1202 2559 1258 2563 ——
1295 2531 1484 2574 Frutices
1518 2530 1692 2594 ramulis
1728 2529 1795 2593 dc-

105 2597 259 2652 ciduiS,
303 2598 414 2642 foliis
441 2597 616 2641 minutis
645 2593 1041 2653 squamiformibus,
1070 2591 1247 2636 floribus
1276 2588 1633 2645 hermaphroditis
1661 2600 1793 2650 raris-

105 2656 211 2700 sime
237 2656 400 2700 dioicis.
430 2683 488 2687 —
514 2656 656 2700 Genus
683 2654 823 2711 quoad
850 2652 1090 2710 specierum
1124 2648 1475 2693 delimitationem
1504 2645 1693 2697 difficile,
1724 2644 1796 2686 liic

104 2715 248 2771 paucis
276 2715 448 2759 mutatis
476 2729 525 2758 ex
551 2711 863 2769 monographia
889 2707 1208 2754 accuratissima
1245 2706 1368 2749 amic.
1400 2720 1424 2748 a
1452 2705 1595 2768 Bunge
1628 2703 1795 2766 (Bunge

107 2773 338 2817 Teutamen
380 2773 484 2817 Gen.
530 2773 699 2816 Tainar.
730 2770 900 2827 Dorpat.
934 2767 1072 2824 1852)
1102 2764 1357 2822 expositum,
1387 2762 1579 2805 ulteriori
1609 2773 1793 2803 examini

106 2830 151 2874 in
176 2831 279 2875 locis
306 2831 517 2875 natalibus
545 2831 683 2889 quoad
716 2829 962 2872 firmitatem
1000 2826 1293 2869 characterum
1328 2822 1548 2877 hucusque
1591 2825 1788 2861 notorum

105 2889 436 2947 subjiciendum.
467 2889 625 2932 Divisio
653 2889 695 2932 in
734 2887 932 2930 Vernales
960 2891 999 2927 et
1025 2881 1256 2927 AEstivales
1287 2888 1450 2923 naturae
1470 2876 1702 2921 conformis
1722 2875 1792 2918 sed

105 2961 189 2991 non
217 2948 306 2992 sine
335 2947 655 3006 exceptionibus
684 2954 771 2999 est;
801 2945 860 2988 sic
896 2945 947 2986 cl.
979 2942 1122 2997 Bunge
1150 2940 1400 2983 observante
1435 2936 1648 2980 nonnullae
1694 2933 1792 2975 Ver-
