2021 3235
940 164 1024 209 723

141 254 273 312 lycem
307 255 656 313 subaequantibus
692 256 743 299 ad
781 257 947 300 tertiam
985 266 1149 315 partem
1185 259 1342 313 bifidis,
1386 260 1602 305 filamentis
1643 264 1815 318 glabris,

141 314 311 370 capsula
337 315 592 358 subincurva
619 315 760 371 calyce
787 315 914 371 duplo
942 317 1133 371 longiore
1164 323 1229 369 Θ.
1261 318 1391 360 Rchb.
1425 320 1449 361 s.
1481 319 1608 363 4970.
1652 322 1697 365 C.
1729 324 1817 377 qlo-

140 377 354 415 meratum
380 372 534 416 Thuill.
566 372 660 416 Par.
693 372 791 415 225.
827 373 875 416 C.
906 375 1132 431 vulyatum
1157 375 1243 418 Sm.
1276 376 1334 418 Fl.
1367 376 1466 420 Brit.
1498 392 1581 421 non
1610 380 1653 421 L.

199 443 298 481 Hab.
323 445 359 481 in
386 444 499 482 cultis
532 449 570 481 et
603 444 899 482 humidiusoulis
925 446 1040 497 totius
1068 447 1225 484 ditionis
1249 459 1271 483 a
1295 446 1445 485 Graecia
1467 450 1513 485 all
1537 450 1687 497 Syriam
1712 453 1815 501 (Kyl

140 500 268 541 Gaill!
296 503 453 541 Haussk
469 496 498 552 Ξ)
523 507 562 540 et
587 503 834 552 Affghaniam
860 503 981 554 (Griff
997 499 1038 555 l).

198 566 243 619 β.
275 566 513 609 barbatum.
546 565 646 608 Pilis
673 565 939 621 longioribus
966 567 1197 620 hirsutum,
1227 568 1343 625 calyx
1369 569 1492 625 longe
1520 570 1732 614 barbatus.
1763 600 1818 604 ——

142 623 457 667 C.·Tauricum
492 624 649 668 Ledeb.
681 624 801 667 Hort.
832 625 958 681 Dorp.
992 639 1075 668 non
1102 626 1280 683 Spreng.
1312 653 1368 657 ——
1398 626 1443 669 C.
1475 629 1674 672 villosum
1708 631 1814 673 Stev.

138 681 258 725 Verz.
290 683 417 727 Taur.
448 697 489 740 p.
522 682 577 726 89
606 697 654 726 ex
681 682 983 741 descriptione.

197 753 297 791 Hab.
321 753 359 790 in
382 753 531 792 Tauria
553 753 714 792 littorali
740 749 901 806 (Stev.).
926 753 972 792 V.
998 755 1089 792 cult,

198 818 272 859 Ar.
306 825 467 871 Geogr.
502 820 618 860 Orbis
644 821 725 858 fere
751 824 854 858 totus
881 825 1084 859 terrarum.

197 974 250 1018 C.
278 974 772 1030 brachypetalum
814 972 953 1029 (Desp.
986 972 1028 1015 in
1057 972 1172 1015 Pers.
1204 972 1301 1030 Syn.
1334 987 1373 1030 p.
1405 973 1515 1029 520)
1557 974 1652 1031 pilis
1688 975 1823 1031 longis

136 1032 379 1090 patentibus
423 1031 620 1075 mollibus
664 1030 1015 1083 hirsutissimum‚
1061 1031 1169 1074 foliis
1202 1030 1325 1074 infer.
1364 1032 1611 1088 spathulatis
1645 1034 1822 1077 caulinis

137 1089 498 1147 ovato-oblongis,
538 1092 661 1148 cyma
694 1091 801 1143 laxa,
839 1089 1056 1146 pedicellis
1087 1089 1208 1133 rcctis
1236 1091 1405 1147 capsula
1432 1090 1596 1133 nutanti
1625 1090 1685 1133 2-
1703 1090 1729 1135 3
1754 1093 1822 1148 plo

135 1149 419 1205 longioribus,
454 1148 638 1192 bracteis
666 1148 904 1201 herbaceis,
943 1148 1097 1204 sepalis
1123 1148 1366 1192 lanceolatis
1393 1148 1456 1191 vix
1484 1149 1679 1192 scariosis
1706 1151 1822 1207 apice

133 1208 258 1264 longe
285 1207 491 1261 barbatis,
534 1207 685 1265 petalis
720 1207 911 1250 obovatis
948 1207 1064 1263 apice
1100 1206 1254 1250 bilobis
1290 1208 1431 1264 calyce
1464 1207 1731 1251 brevioribus
1758 1209 1822 1251 vel

134 1265 404 1323 aequilongis‚
434 1266 663 1309 filamentis
680 1265 848 1319 cibatis,
878 1266 1049 1322 capsula
1077 1266 1249 1308 curvula
1277 1266 1414 1323 calyce
1443 1266 1565 1309 tertia
1593 1274 1709 1322 parte
1738 1268 1823 1309 lon-

135 1325 255 1426 {io5re
286 1331 351 1376 Θ.
399 1324 532 1368 Rchb.
564 1325 590 1366 f.
622 1323 752 1367 4971.
785 1349 840 1355 -—
870 1322 915 1367 C.
953 1324 1184 1367 Tauricam
1217 1323 1394 1380 Spreng.
1431 1323 1471 1366 in
1508 1337 1575 1368 Dc.
1607 1324 1754 1368 Prodr.
1788 1326 1819 1378 Ι,

195 1453 296 1490 Hab.
323 1454 360 1491 in
385 1453 536 1490 saxosis
560 1453 774 1501 praesertim
801 1453 1004 1498 montanis,
1033 1451 1185 1490 Graecia
1209 1452 1246 1489 in
1271 1452 1455 1500 Hymetto
1476 1450 1614 1490 Attieae
1636 1457 1672 1489 et
1697 1454 1822 1490 insula

135 1511 281 1550 Salami
309 1508 507 1565 (Heldr!)‚
535 1513 764 1551 Macedonia
790 1510 949 1564 (Friv!)l
974 1509 1090 1548 Creta
1113 1512 1149 1547 in
1182 1514 1310 1548 monte
1334 1511 1403 1548 Ida
1424 1512 1613 1561 (Heldrl),
1640 1512 1822 1550 Anatolia

134 1572 174 1609 in
199 1572 396 1610 montibus
421 1571 573 1621 Mesogi
596 1576 634 1610 et
658 1572 805 1624 Cadmo
831 1571 967 1619 Lydiae
991 1575 1028 1608 et
1052 1570 1175 1608 Cariae
1193 1569 1323 1619 (Boiss
1341 1562 1390 1624 l),
1416 1575 1546 1609 monte
1569 1570 1728 1618 Solyma
1744 1571 1821 1619 Ly-

135 1631 204 1669 ciae
228 1631 266 1668 in
291 1631 432 1679 pinetis
459 1628 666 1684 (Heldr!)‚
693 1629 831 1669 Cilicia
855 1630 943 1680 (Bal
960 1624 1017 1679 l),
1042 1629 1191 1668 Tauria
1216 1626 1322 1681 (Stev
1338 1627 1382 1679 2),
1408 1641 1517 1678 prov.
1545 1629 1819 1669 Transcauca-

137 1690 230 1728 sicae
248 1690 402 1743 (Eicliw
417 1688 462 1740 l).

194 1755 239 1809 β.
271 1755 483 1798 luridum.
515 1753 744 1807 Humilius,
775 1767 908 1811 cymae
937 1752 1043 1795 rami
1072 1752 1303 1796 abbreviati
1325 1759 1366 1795 et
1381 1753 1506 1795 flores
1524 1752 1816 1804 confertiores,

135 1813 273 1870 petala
298 1812 602 1870 calyce'magis
629 1813 878 1868 glanduloso
906 1824 1016 1868 saepe
1043 1811 1332 1866 sublongiora,
1362 1810 1575 1852 filamenta
1603 1809 1692 1852 basi
1728 1809 1816 1852 1-22

133 1871 229 1927 pilis
256 1878 419 1914 tantum
447 1871 599 1914 obsita.
634 1870 680 1914 C.
705 1871 901 1913 luridum
928 1869 1050 1912 Guss.
1082 1869 1179 1926 Syn.
1211 1869 1243 1922 Ι,
1274 1882 1312 1925 p.
1344 1867 1442 1911 510.
1477 1893 1530 1900 —
1559 1866 1603 1910 C.
1625 1868 1815 1911 Atticam

134 1929 266 1973 Boiss.
298 1937 339 1973 et
366 1930 508 1973 Heldr.
540 1929 689 1986 Diagn.
722 1929 811 1972 Ser.
843 1928 898 1981 11,
928 1927 961 1982 l,
991 1941 1031 1984 p.
1065 1926 1133 1971 93.

190 2000 290 2038 Hab.
316 2000 353 2037 in
385 1999 544 2047 regione
564 2000 698 2048 alpina
714 1999 853 2037 montis
873 1997 995 2035 OEnos
1022 1997 1270 2045 Cephaloniae
1292 1996 1481 2046 (Heldr!)‚
1505 1997 1643 2033 montis
1670 1997 1815 2033 Parnes

132 2058 272 2097 Atticae
299 2056 470 2110 (Boiss!)
498 2063 536 2097 et
560 2059 750 2107 Kyllenes
778 2057 903 2109 (Orph
919 2053 956 2107 1).
988 2056 1147 2093 Transit
1177 2056 1213 2092 in
1243 2058 1376 2103 typum
1401 2055 1534 2092 formis
1565 2055 1815 2093 intermediis

190 2143 232 2183 y.
263 2121 434 2165 Raeseri.
480 2123 630 2166 Totum
660 2122 777 2165 valde
803 2120 1064 2177 glutinosum
1091 2119 1303 2162 virescens
1321 2154 1330 2171 ‚
1372 2119 1512 2161 caules
1553 2117 1814 2161 divaricatim

133 2179 317 2233 ramosi,
355 2182 492 2237 petala
517 2181 569 2224 ad
597 2180 763 2224 tertiam
793 2186 955 2237 partem
982 2177 1125 2221 bifida.
1175 2176 1222 2221 C.
1253 2176 1411 2220 Roeserc'
1440 2176 1569 2219 Boiss.
1601 2185 1641 2219 et
1668 2176 1810 2218 Heldr.

132 2238 281 2295 Diagn.
312 2238 401 2282 Ser.
434 2239 488 2293 ll,
517 2240 552 2293 1,
580 2253 622 2296 p.
653 2238 724 2282 93.

191 2309 291 2347 Hab.
316 2310 355 2347 in
378 2311 566 2359 lapidosis
598 2310 774 2358 regionis
796 2308 939 2357 alpinae
963 2307 1146 2345 Parnassi
1175 2306 1313 2357 (Heldr
1329 2303 1375 2356 l).

192 2376 226 2414 A
252 2380 346 2426 typo
370 2378 496 2426 prima
520 2378 647 2416 fronte
684 2377 909 2415 indumento
935 2375 1106 2413 breviori
1129 2374 1243 2411 valde
1276 2372 1424 2411 viscido
1458 2372 1624 2409 alienum
1649 2371 1811 2419 videtur,

133 2436 202 2473 sed
227 2437 422 2475 mediante
449 2449 530 2476 var.
556 2435 586 2489 β
612 2437 662 2474 ad
686 2448 772 2474 eum
794 2434 946 2474 transit.
973 2431 1431 2471 Filamentaralternatim
1457 2430 1647 2482 breviora.

192 2500 263 2541 Ar.
296 2507 456 2553 Geogr.
492 2503 667 2553 Europa,
690 2502 827 2540 Africa
848 2497 1032 2539 borealis.

600 2641 641 2680 b.
676 2642 898 2680 Petalorum
927 2649 1074 2687 ungues
1101 2636 1341 2685 glaberrimi.

192 2762 247 2807 G.
276 2762 791 2808 semidecandrum
819 2760 880 2817 (L.
911 2758 979 2815 Sp.
1012 2756 1113 2813 629)
1141 2750 1553 2817 glutinoso-hirtum,
1583 2749 1691 2792 foliis
1717 2762 1812 2791 ova-

135 2819 187 2863 tis
213 2821 275 2863 vel
302 2820 497 2877 oblongis
523 2820 802 2863 inferioribus
821 2818 863 2861 in
883 2816 1083 2873 petiolum
1101 2817 1343 2862 attenuatis,
1371 2811 1489 2866 cyma
1517 2807 1809 2862 subcongesta‚

133 2878 349 2934 pedicellis
375 2879 516 2937 calyce
544 2878 639 2922 2-3
667 2879 734 2935 plo
762 2874 1025 2932 longioribus
1054 2871 1222 2936 tandem
1249 2867 1455 2935 refractis,
1485 2864 1665 2929 bracteis
1693 2877 1812 2919 sepa-

132 2935 268 2993 lisque
295 2937 602 2981 semiscariosis
628 2936 746 2993 apice
773 2933 956 2991 glabris,
994 2931 1141 2988 petalis
1168 2928 1352 2984 calycem
1379 2922 1723 2979 subaequantibus
1750 2920 1812 2963 vel
