2021 3235
860 120 938 162 441

116 282 180 325 H.
207 279 523 323 Niloticum
563 278 623 333 (L.
665 277 791 319 Mant.
824 289 862 332 p.
895 274 978 318 ⁶24ss
1005 275 1083 318 sub
1122 274 1253 324 Cisto)
1296 275 1436 330 patule
1466 275 1526 316 vel
1558 272 1742 328 crispule

60 340 235 392 hirtum,
263 336 372 380 foliis
399 336 593 393 oblongis
619 337 680 378 vel
708 334 968 387 lanceolatis‚
998 333 1178 376 racemis
1206 332 1460 376 abbreviatis
1480 332 1599 384 laxis,
1630 329 1744 387 pedi-

61 398 171 442 cellis
208 395 360 440 crassis
393 393 723 451 erecto-patulis
752 393 861 436 soliis
889 400 928 435 et
956 393 1094 450 calyce
1123 393 1254 436 mullo
1281 390 1565 438 brevioribus,
1596 388 1743 446 petalis

57 453 484 506 obovato-cuneatis,
529 453 700 510 capsula
735 451 926 495 coriacca
959 451 1290 507 ovato-globosa
1317 450 1463 505 glabra
1491 450 1539 491 ad
1569 448 1745 500 angulos

56 515 193 559 ciliata
220 512 372 570 sepalis
400 511 786 555 ovato-lanceolatis
813 509 1065 553 acuminatis
1092 509 1245 552 triente
1275 508 1477 561 breviori,
1509 506 1745 550 seminibus

56 587 199 631 grosse
241 570 458 614 foveolatis
491 569 881 614 ovato-tetraedris
914 568 1075 611 minute
1103 567 1381 611 tuberculatis
1399 568 1460 609 vel
1491 564 1745 609 laeviuseulis

59 638 123 733 g.
169 630 301 674 Rchb.
347 630 374 672 f.
420 628 549 672 4537.
595 628 737 671 Willk.
771 628 855 670 tab.
888 627 985 670 1020.
1019 627 1074 669 H.
1108 627 1350 683 lede'solimn
1378 626 1423 668 L.
1452 625 1522 682 Sp.
1556 623 1639 666 742
1667 622 1744 665 sub

94 690 185 732 isto.

114 760 214 798 Hab.
240 760 277 796 in
302 759 416 797 siccis
442 762 479 795 et
504 757 701 806 argillosis
726 752 887 795 Graeciae
912 755 1060 805 (Sibth.
1087 754 1242 804 berbi),
1270 753 1395 792 Cretae
1419 753 1593 803 (steht),
1622 751 1745 799 Syriae

53 819 102 857 ad
122 819 274 867 Aleppo
299 818 394 868 (Ky.
424 830 505 856 exs.
532 815 639 856 105!
666 817 823 854 Haussk
843 816 869 866 1)
897 815 1104 852 Palestinae
1130 808 1318 865 (Boissl),
1346 814 1537 850 Armenias
1565 813 1613 850 all
1641 811 1744 847 Kar-

51 882 121 929 put
144 874 301 932 (Noe'l)‚
324 878 466 915 Persiae
489 876 672 915 australis
694 872 789 929 (Ky.
819 887 900 913 exs.
932 872 1109 928 10091).
1140 875 1198 911 Fl.
1229 886 1336 911 vere.

106 944 151 998 β.
180 943 505 1000 microctcrpmn.
538 940 712 997 (Cosson
747 941 788 983 in
817 941 971 996 Bourg.
1006 941 1058 997 pl.
1092 938 1208 996 Hisp.
1232 953 1316 982 exs.
1339 937 1491 990 1851.)
1515 936 1631 979 Folia
1662 949 1742 977 an-

51 1001 255 1058 gustiora.
291 1000 467 1058 Capsula
503 1000 644 1043 minor
676 1000 814 1058 calyce
851 1012 1000 1056 parum
1038 1005 1251 1055 superata.
1286 998 1340 1040 Ic.
1372 996 1517 1039 Willk.
1552 996 1633 1038 loc.
1667 993 1739 1036 cit.

52 1060 136 1104 tab.
169 1059 269 1103 tat.

110 1132 207 1170 Hab.
234 1132 271 1168 in
296 1131 526 1169 Macedonia
551 1127 735 1184 (Fr-ivl),
764 1130 950 1167 Armenia
975 1130 1023 1166 ad
1046 1128 1349 1167 Gumuschkane'
1376 1124 1568 1181 (Bourgl)
1586 1157 1594 1173 ‚
1626 1125 1744 1173 Syria

53 1194 91 1231 in
114 1191 337 1229 Antilibano
366 1186 540 1243 (Boisst)
564 1191 700 1228 Persia
720 1190 769 1227 ad
792 1190 974 1227 Telleran
1001 1185 1216 1242 (Bunge1).

110 1277 150 1317 7.
191 1255 493 1311 lasiocarpmn.
539 1254 683 1297 Flores
720 1253 763 1296 in
791 1267 958 1296 racemo
986 1253 1181 1308 elongato
1220 1250 1526 1303 ramosissimi,
1571 1250 1745 1305 capsula

55 1314 294 1357 tomentella
320 1314 507 1370 calycem
536 1313 814 1369 subaequans‚
854 1311 953 1355 solia
980 1318 1174 1366 angusta.
1218 1310 1274 1352 H.
1315 1310 1601 1366 lasiocarpmn
1628 1307 1739 1350 Dess.

52 1374 171 1416 Hort.
205 1373 298 1415 Par.
332 1372 387 1415 lc.
418 1371 561 1414 Willk.
595 1371 678 1414 tab.
711 1371 809 1413 1022.

111 1444 216 1480 Hab.
243 1443 281 1480 in
305 1443 484 1479 Rumelia
510 1440 621 1496 (Fi-iv
639 1440 678 1490 l),
703 1442 753 1479 ad
780 1440 972 1479 Gorumse
997 1439 1142 1478 Ciliciae
1165 1438 1348 1476 Kurdicae
1376 1439 1468 1487 (ΚΥ.
1497 1450 1578 1476 exs.
1607 1435 1743 1484 1241),

51 1502 237 1541 Armenia
259 1502 422 1540 Rossica
447 1496 573 1554 (Szow
590 1501 634 1551 l),
662 1501 835 1549 Georgia
854 1500 1070 1538 Caucasica
1093 1495 1250 1552 (Holien
1269 1496 1313 1548 ἲ).

112 1571 271 1608 Transit
287 1571 336 1608 ad
359 1574 493 1619 typum
516 1570 649 1608 formis
674 1569 914 1607 intermediis
939 1564 976 1614 in
1001 1566 1140 1617 quibus
1167 1567 1327 1615 capsula
1352 1566 1576 1614 glabrescit.

109 1637 185 1678 Ar.
211 1643 372 1688 Geogr.
405 1639 529 1687 Regio
557 1638 843 1676 mediterranea
868 1637 1037 1685 Europae
1062 1640 1099 1674 et
1123 1635 1266 1673 Africae
1291 1634 1474 1673 borealis.

108 1798 172 1840 H.
201 1796 578 1841 salicifolium
620 1795 683 1851 (L.
720 1794 787 1850 Sp.
830 1793 913 1836 7402
940 1793 1018 1836 sub
1048 1790 1179 1848 Cz'sto)
1224 1790 1409 1841 hirtum,
1455 1788 1564 1832 soliis
1598 1794 1743 1830 ovato-

52 1855 270 1912 oblongis‚
310 1854 604 1911 superioribus
632 1853 900 1905 lanceolatis‚
942 1851 1119 1894 racemis
1149 1850 1273 1902 laxis,
1304 1848 1519 1905 pcdicellis
1548 1846 1747 1889 horizon-

52 1914 204 1957 talibus
240 1913 349 1957 foliis
387 1920 428 1955 et
453 1914 593 1971 calyce
621 1911 887 1966 longioribus
915 1910 1032 1968 apice
1061 1923 1230 1952 sursum
1260 1907 1461 1960 arcuatis,
1492 1906 1641 1963 petalis
1669 1905 1745 1947 ob-

50 1972 208 2028 longis,
247 1973 420 2029 capsula
445 1971 761 2027 ovato-globosa
787 1970 928 2027 sepala
954 1975 1075 2012 ovata
1103 1975 1226 2011 acuta
1253 1965 1462 2023 aequanti,
1504 1963 1746 2007 seminibus

54 2030 260 2087 angulatis
304 2030 437 2073 roseis
471 2030 644 2073 laevibus
679 2030 741 2072 vel
777 2027 1093 2084 subgranulatis
1136 2032 1201 2077 Θ.
1249 2025 1308 2067 Fl.
1347 2024 1480 2067 Graec.
1525 2023 1609 2066 tab.
1640 2021 1742 2064 499.

53 2088 185 2132 Rchb.
217 2089 244 2132 f.
276 2087 405 2132 4538.
438 2088 580 2131 Willk.
613 2088 696 2131 tab.
728 2086 812 2130 '1023
839 2087 884 2128 Α.
917 2085 1060 2128 Variat
1087 2084 1268 2127 bracteis
1296 2083 1476 2138 integris
1512 2083 1572 2124 vel
1608 2079 1746 2123 clenti-

53 2147 199 2191 culatis
226 2161 321 2205 quae
349 2148 485 2190 forma
514 2154 576 2189 est
602 2147 657 2189 H.
689 2146 1003 2188 denticulalum
1029 2143 1151 2186 Thib.

110 2219 211 2258 Hab.
234 2219 271 2256 in
295 2219 458 2257 collibus
482 2219 611 2267 siccis,
638 2217 788 2255 Graecia
811 2217 846 2254 in
871 2216 1070 2253 Pentelieo
1097 2211 1238 2268 (Heldr
1255 2211 1302 2266 l),
1324 2211 1512 2260 Argolide
1537 2210 1677 2262 (Sprun
1696 2203 1747 2259 l),

55 2282 184 2324 monte
215 2278 383 2327 Kyllene
419 2278 682 2327 Peloponnesi
710 2276 908 2329 (Orph!)‚
932 2274 1110 2312 Rumelia
1135 2271 1291 2326 (Griseb
1311 2265 1362 2326 l),
1392 2270 1576 2308 Anatolia
1608 2271 1644 2306 in
1671 2268 1746 2316 Ly-

56 2339 119 2376 dia
142 2334 392 2391 (Fteiseht),
421 2337 546 2386 Lycia
569 2340 606 2375 et
630 2336 864 2385 Pamphylia
886 2331 1096 2386 (Bourg1)
1116 2363 1123 2374 ,
1149 2331 1402 2380 Cappadocia
1421 2328 1503 2381 (Bal
1524 2327 1580 2381 l),
1607 2327 1746 2367 Rhodo

55 2395 247 2449 (Heldrt)
282 2401 319 2435 et
343 2398 473 2445 Cypro
501 2396 654 2446 (Ky!),
693 2396 808 2444 Syria
833 2395 1027 2432 maritima
1059 2398 1095 2430 et
1132 2391 1307 2429 interiori
1343 2391 1391 2427 ad
1428 2390 1581 2437 Aleppo
1608 2394 1642 2426 et
1669 2387 1744 2424 Da-

54 2469 224 2496 mascum
261 2452 370 2509 (Ky!
400 2456 628 2507 Hausskl),
654 2456 810 2493 deserto
837 2455 886 2491 ad
912 2453 1133 2501 Palmyram
1158 2451 1220 2500 (Bl
1237 2445 1291 2504 l),
1329 2449 1535 2487 Palaestina
1558 2445 1744 2498 (Boisst),

53 2516 199 2554 Tauria
232 2520 270 2554 et:
315 2528 423 2564 ριόν.
469 2515 692 2553 Caucasicis
724 2514 863 2563 (MR),
906 2513 1043 2549 Persia
1064 2511 1212 2550 boreali
1239 2509 1428 2555 (Szowl)
1452 2513 1487 2554 ct
1512 2508 1672 2546 australi
1695 2507 1745 2545 ad

58 2575 220 2614 Dalechi
248 2572 332 2629 (Ky
356 2587 437 2614 exs.
467 2573 610 2624 1521).
638 2574 698 2611 Fl.
730 2585 833 2611 vere.

111 2640 186 2681 Ar.
220 2648 380 2693 Geogr.
417 2644 575 2691 Europa
599 2643 725 2679 media
751 2644 789 2679 et
814 2641 1010 2678 australis.
1038 2639 1173 2676 Africa
1196 2637 1381 2675 borealis.

111 2791 175 2833 H.
211 2791 609 2847 sanguineum
654 2789 771 2844 (Lag.
812 2787 915 2830 Gen.
958 2794 994 2829 et
1028 2787 1097 2844 Sp.
1136 2801 1175 2843 p.
1209 2786 1262 2828 ‘17
1292 2786 1371 2829 sub
1403 2784 1534 2836 Cisto)
1563 2796 1742 2835 nanum,

54 2847 146 2903 pilis
175 2849 373 2892 brevibus
400 2847 595 2904 crispulis
624 2847 803 2899 hirtum,
833 2846 943 2888 foliis
972 2844 1309 2902 elliptico-ovatis
1328 2844 1477 2887 subtus
1496 2840 1741 2897 sanguineis

52 2906 270 2950 floralibus
298 2905 767 2964 elliptico-lanceolatis‚
809 2904 987 2947 racemis
1016 2904 1105 2947 laxe
1133 2903 1211 2947 :3-5
1239 2902 1355 2946 [loris
1374 2939 1383 2956 ,
1420 2899 1637 2958 pedicellis
1665 2899 1739 2940 sle-
