2021 3235
950 191 977 237 5

121 299 268 344 grosse
293 282 630 329 inciso-dentatis
647 282 782 326 acutis
808 281 1011 340 utrinque
1029 281 1280 326 tomentosis
1297 283 1362 325 vel
1382 295 1566 339 superne
1584 284 1803 340 glabraffis,

121 345 316 403 panicula
341 342 505 395 foliosa,
534 340 687 399 sepalis
714 341 820 385 albis
847 342 980 384 ovatis
1007 339 1170 384 obtusis
1204 341 1453 384 tomentosis
1481 340 1595 384 intus
1627 342 1805 398 glabris,

122 402 349 448 filamentis
375 400 551 458 glabris.

178 474 280 512 Hab.
305 473 345 511 in
368 472 563 510 montibus
587 469 807 520 Affghaniac
826 466 1039 522 (Griffith).

180 541 294 580 Folia
316 540 373 578 eis
399 538 442 579 C.
463 539 616 579 vitalbae
638 538 818 577 tenuiora
836 537 1011 576 crebrius
1037 539 1076 576 et
1098 536 1329 586 profundius
1353 537 1525 588 dentata,
1552 538 1669 577 flores
1696 540 1811 578 tertia

123 603 234 651 parte
260 600 444 638 minores.

178 666 255 706 Ar.
276 665 440 717 Geogr.
467 665 591 715 Regio
612 664 832 703 Himalaica
855 664 940 702 bor.
972 663 1099 702 occid.
1126 663 1252 702 China
1276 664 1459 703 borealis.

712 843 787 886 ΤΡ..
820 842 873 885 ΙΙ.
903 841 1218 886 ANEMONEAE.

179 951 303 1009 Calyx
334 950 546 994 coloratus
582 948 843 993 aestivatione
877 948 1119 992 imbricata.
1151 948 1293 992 Petala
1318 949 1434 992 nulla
1460 950 1524 992 vel
1551 950 1693 1006 plana.
1724 949 1810 992 An-

124 1011 253 1054 therae
278 1009 461 1053 lineares
488 1015 706 1052 extrorsze.
736 1007 925 1065 Carpella
951 1021 1270 1065 monosperma.
1291 1006 1463 1051 Semina
1486 1008 1688 1065 pendula.

626 1139 953 1189 THALIGTRUM
987 1141 1046 1203 (L.
1082 1154 1171 1202 qen.
1208 1139 1325 1203 697).

200 1258 345 1302 Flores
386 1271 474 1301 non
516 1256 785 1301 involucrati.
829 1256 954 1315 Calyx
993 1256 1073 1300 4-5
1116 1258 1299 1314 sepalus.
1346 1256 1487 1300 Petala
1527 1256 1570 1300 Ο.
1620 1256 1810 1315 Carpella

122 1318 235 1362 sicca
268 1331 355 1361 non
391 1316 585 1360 caudata.
617 1316 771 1359 Herbae
798 1329 1010 1373 perennes
1037 1316 1231 1360 caulibus
1257 1315 1500 1371 herbaceis‚
1529 1315 1639 1360 toliis
1666 1323 1809 1361 terna-

122 1377 198 1420 tim
225 1377 290 1420 vel
311 1375 520 1434 pinnatim
547 1374 865 1432 decompositis.

179 1486 302 1531 SECT.
336 1487 369 1530 I.
399 1486 686 1530 TRIPTERIUM.
718 1498 787 1529 Dc.
830 1485 1033 1543 Carpella
1062 1486 1416 1544 triquetro-alata
1443 1486 1569 1530 loevia
1592 1487 1805 1544 stipitum.

193 1612 248 1655 T.
300 1610 771 1667 aquileqifolium
808 1610 869 1667 (L.
909 1609 979 1667 Sp.
1017 1608 1135 1667 770),
1180 1609 1290 1653 foliis
1321 1610 1556 1654 triternatis
1591 1611 1809 1669 stipellatis

123 1669 355 1727 segmentis
390 1668 510 1726 apice
550 1668 702 1712 obtuse
748 1668 1117 1723 dentato-Iobatis,
1157 1669 1355 1726 panicula
1402 1670 1673 1727 corymboszl,
1716 1671 1808 1715 fila-

121 1729 274 1772 mentis
300 1727 534 1771 linearibus
561 1726 680 1785 apice
707 1727 890 1771 dilatatis
918 1727 1069 1782 roseis,
1108 1735 1144 1777 24
1173 1728 1307 1771 Rchb.
1339 1728 1397 1771 Ic.
1428 1727 1559 1772 4635.

178 1801 280 1838 Hab.
313 1800 352 1837 in
382 1799 505 1848 sylvis
539 1799 755 1848 subalpinis
780 1799 961 1837 Thraciae
996 1800 1032 1837 in
1060 1803 1190 1838 monte
1213 1799 1406 1849 Rhodope
1430 1799 1594 1851 (Friv.),
1625 1801 1809 1840 Maccdo-¹

121 1860 194 1898 niae
232 1871 354 1909 prope
387 1858 532 1897 Bitolia
565 1855 761 1911 (Orpffl),
799 1858 984 1897 Laconiae
1005 1858 1071 1910 (ex
1095 1858 1219 1898 Sibtb.
1257 1859 1327 1897 sed
1361 1871 1385 1898 a
1413 1863 1560 1899 recent.
1593 1872 1669 1899 non
1699 1861 1806 1915 lect.)

120 1920 180 1958 Fl.
205 1922 288 1958 aest.

178 1985 255 2026 Ar.
287 1985 452 2037 Geogr.
480 1987 640 2036 Europa
663 1987 791 2025 media
816 1989 854 2025 et
878 1990 999 2026 austr.
1029 1987 1172 2026 Sibiria
1197 1999 1319 2037 usque
1344 1988 1396 2027 ad
1418 1988 1745 2028 Kamtchatkam!
1774 1994 1812 2029 et

120 2049 210 2087 fluv.
236 2047 377 2086 Amur!

181 2163 307 2207 SECT.
338 2161 375 2205 II
402 2161 756 2205 EUTHALICTRUM.
788 2173 858 2205 nc.
897 2160 1100 2219 Ca-rpella
1126 2161 1450 2219 ovato-oblonqa
1477 2162 1812 2219 lonqitudinalz’-

387 2226 449 2264 ter
473 2220 819 2264 sulcato-striata
847 2221 1090 2264 brevissime
1120 2221 1321 2278 scipitata
1357 2221 1423 2266 vel
1448 2222 1631 2265 sessilia.

241 2345 260 2402 ᾖ
300 2343 342 2387 2.
387 2342 616 2387 Corollina.
649 2342 812 2410 Sepala
856 2343 1094 2401 petaloz'dea
1136 2344 1412 2400 persistentia
1456 2343 1647 2387 stamina
1694 2343 1815 2402 lonqe

429 2408 698 2459 superaucta.

179 2515 234 2558 Τ.
268 2513 578 2558 Orientale.
608 2513 757 2568 (Boiss.
788 2514 898 2557 Ann.
933 2513 999 2564 Sc.
1031 2512 1125 2557 Nat.
1156 2512 1263 2556 1841
1297 2527 1337 2570 p.
1375 2512 1496 2570 349),
1526 2512 1638 2557 foliis
1665 2512 1812 2557 triter-

122 2572 232 2616 natis
256 2570 413 2629 petiolo
432 2571 524 2615 basi
543 2572 707 2629 stipulis
731 2572 1073 2616 membranaceis
1089 2571 1287 2628 vaginato
1307 2571 1538 2629 segmentis
1573 2572 1814 2616 rotundatis

124 2632 187 2675 vel
213 2638 454 2674 transverse
480 2631 613 2674 ovatis
639 2631 911 2675 obtusissime
939 2631 1204 2686 subtrilobis,
1232 2631 1429 2690 panicula
1464 2631 1715 2688 paucissorfi,
1746 2645 1812 2674 se-

123 2689 229 2747 palis
265 2688 455 2733 obovatis
492 2689 741 2746 petaloideis
777 2690 901 2745 albis,
940 2690 1169 2734 filamentis
1204 2690 1458 2745 linearibus,
1495 2690 1692 2747 carpellis
1734 2690 1812 2734 3-ss

125 2747 425 2792 subsessilibus
469 2747 852 2805 lineari-oblongis
903 2749 1114 2806 profunde
1161 2749 1320 2793 striatis
1380 2749 1576 2806 stigmate
1626 2749 1812 2804 oblongo

127 2813 241 2851 recto
267 2806 507 2850 terminatis
544 2815 679 2857 24—
711 2807 941 2866 Isopyrum
977 2808 1300 2866 aquileyz'oz'des.
1332 2808 1440 2867 Bory
1479 2815 1520 2852 et
1545 2807 1705 2852 Chaub.
1745 2808 1807 2851 Fl.

127 2865 211 2909 Pel.
242 2880 284 2925 p.
320 2862 377 2909 35
403 2879 492 2910 non
518 2866 572 2909 L!

185 2938 286 2976 Hab.
321 2937 361 2975 in
396 2938 543 2976 fissuris
577 2938 771 2977 umbrosis
797 2939 948 2987 rupium
983 2940 1157 2989 regionis
1188 2942 1403 2992 montanae3
1428 2939 1582 2979 Graecia
1611 2941 1650 2978 in
1685 2940 1812 2979 Laco-

127 2997 192 3035 nia
214 3000 251 3036 et
286 2997 483 3036 Messenia
521 3009 645 3047 prope
671 2998 872 3037 Calamata
895 2997 1068 3050 (Boryl)
1101 2999 1198 3038 Asia
1236 3000 1365 3039 minor
1403 3001 1584 3039 australis
1622 3001 1661 3039 in
1701 3001 1813 3038 Pam-
