2021 3235
911 133 964 176 97

660 282 856 331 PAEONIA
893 284 951 345 (L.
987 286 1082 334 Gen.
1119 287 1235 350 678).

158 411 279 470 Calyx
312 412 464 469 sepalis
491 412 516 455 5
552 412 874 469 persistentibus
916 415 1100 459 soliaceis
1141 417 1435 474 inaequalibus.
1479 421 1614 465 Pelala
1650 423 1675 466 5
1713 427 1773 468 vel

98 471 235 526 plura.
266 470 453 527 Carpella
480 470 552 514 2-5
580 473 812 515 introrsum
839 473 1114 517 dehiscentia.
1150 502 1207 506 —
1244 477 1394 520 llerbae
1422 493 1630 534 perennes
1665 484 1772 524 soliis

102 528 179 571 1-2
221 529 422 583 ternatis‚
464 529 640 572 floribus
682 530 872 586 magnis,
918 533 1058 575 radice
1099 533 1226 577 libras
1269 535 1487 580 tuberosas
1524 539 1774 583 incrassatas

100 587 256 630 edenti.
285 586 452 644 Species
479 588 590 631 inter
616 602 660 631 se
686 589 803 631 valde
831 590 979 634 affines
1006 592 1174 634 difficile
1211 593 1513 639 delimitandae.

158 732 215 774 P.
248 732 535 775 corallina
561 731 692 787 (Reiz.
724 730 821 774 Obs.
853 732 928 785 Ill,
956 747 999 789 p.
1029 731 1103 789 32)
1124 734 1231 777 foliis
1250 734 1405 791 duplic.
1428 736 1602 779 ternatis
1620 737 1778 792 glabris

103 789 241 832 rarius
268 789 415 832 subtus
457 789 701 845 puberulis,
743 789 896 833 foliolis
928 791 1135 834 distinctis
1177 792 1576 848 elliptico-oblongis
1604 795 1778 850 integris

103 847 314 890 terminali
342 847 430 890 basi
460 855 661 901 cunctim,
690 848 868 891 floribus
895 850 1051 902 roseis,
1086 851 1279 907 carpellis
1306 852 1553 895 tomentosis
1582 853 1777 896 horizon-

102 906 240 949 taliter
265 906 505 963 patentibus
543 914 602 955 26.
626 907 682 949 Ic.
715 906 848 950 Rchb.
880 908 951 963 fig.
981 907 1111 951 4745.

162 977 260 1014 Hab.
288 977 325 1013 in
349 976 480 1014 Tauro
504 975 664 1014 Cilicico
689 976 738 1013 ad
761 975 889 1014 Giilek
912 977 1070 1026 Boghas
1097 978 1192 1028 (ΚΥ.
1218 990 1298 1016 exs.
1334 977 1442 1019 282!
1469 981 1540 1019 sub
1562 981 1605 1019 P.
1631 981 1777 1032 Bassi),

102 1039 230 1073 monte.
256 1035 392 1073 Cassio
426 1034 549 1083 Syriae
574 1037 657 1074 bor.
692 1033 877 1089 (Boiss!)‚
902 1036 1088 1075 Armenia
1111 1038 1277 1076 Rossica
1303 1037 1485 1090 (Szowl)‚
1523 1040 1658 1078 Persia
1691 1043 1775 1080 bor.

103 1094 153 1132 ad
175 1095 333 1143 Mendjil
362 1090 565 1147 (Buhsel).
593 1095 651 1132 Fl.
676 1096 751 1133 fine
775 1096 889 1133 veris.

159 1158 205 1212 β.
236 1158 476 1200 triternata.
508 1156 667 1200 Foliola
693 1157 1074 1201 ovato-orbiculata
1100 1172 1208 1215 scepe
1249 1159 1500 1203 subcordata
1526 1162 1675 1204 obtusa
1708 1170 1779 1205 aut

101 1215 163 1257 vix
192 1223 329 1259 acuta.
359 1220 404 1259 P.
438 1216 667 1259 triternala
695 1216 795 1259 Pall.
827 1216 928 1259 Nov‚
959 1217 1048 1259 Act.
1081 1217 1190 1260 Petr.
1222 1218 1272 1271 X,
1302 1232 1342 1274 p.
1373 1218 1474 1260 3112.
1506 1223 1548 1262 P.
1586 1220 1775 1263 Damon

98 1274 276 1318 Anders.
298 1274 386 1318 Bot.
419 1274 525 1330 Mag.
558 1274 645 1317 tab.
667 1274 773 1317 1441
794 1276 802 1317 1

158 1345 260 1382 Hab.
294 1346 332 1383 in
358 1345 455 1383 Asia
478 1345 618 1382 minori
644 1343 786 1395 (Aueh.
822 1356 903 1383 exs.
928 1342 1047 1384 4019
1065 1345 1105 1396 l),
1139 1345 1271 1383 Tauro
1301 1344 1460 1384 Cilicico
1493 1344 1629 1399 (Ball),
1655 1349 1777 1397 sylvis

101 1403 241 1441 Amani
265 1403 389 1453 Syriae
410 1405 494 1443 bor.
514 1400 597 1459 (Ky
613 1398 659 1456 l),
684 1404 831 1442 Tauria
856 1402 988 1457 (MR),
1002 1417 1112 1453 prov.
1130 1404 1302 1453 Talysch
1323 1401 1371 1442 ad
1390 1405 1597 1445 Leukoran
1614 1407 1775 1458 (Hohl).

159 1471 248 1511 Non
282 1473 433 1512 videtur
456 1486 478 1511 a
500 1473 547 1512 P.
564 1473 754 1512 corallimz
776 1474 958 1522 specifice
983 1473 1148 1511 differre.
1177 1473 1219 1511 Ρ.
1246 1473 1361 1512 Bassi
1390 1474 1474 1512 Biv.
1500 1475 1650 1513 videtur
1683 1487 1772 1523 quo—

101 1542 176 1579 que
190 1532 360 1571 varietas
385 1533 488 1572 foliis
513 1533 871 1584 subtusxpuberulis
903 1533 1077 1581 ejusdem
1103 1533 1260 1581 speciei.

159 1597 234 1639 Ar.
261 1599 421 1651 Geogr.
455 1602 614 1650 Europa
638 1600 766 1638 media
790 1604 828 1639 et
849 1600 1045 1639 australis.

174 1725 230 1768 P.
270 1726 747 1770 Wittmanniana
788 1724 912 1781 (Stev.
958 1724 1001 1766 in
1033 1724 1141 1766 Ann.
1184 1723 1249 1767 Sc.
1290 1724 1379 1766 Nat.
1425 1723 1514 1766 Ser.
1554 1723 1626 1775 Ill,
1679 1724 1771 1776 XII,

102 1796 143 1839 p.
173 1782 277 1841 374)
307 1784 416 1827 foliis
456 1783 680 1827 biternatis
722 1784 870 1826 subtus
911 1782 1191 1826 discoloribus
1233 1782 1586 1839 pubescentibus,
1625 1781 1795 1824 foliolis·

102 1840 309 1885 distinctis
349 1842 688 1899 ovalo-oblongis
722 1843 786 1885 vel
828 1841 1016 1884 obovatis
1053 1841 1263 1897 superiori
1291 1841 1526 1897 praesertim
1565 1840 1655 1882 basi
1701 1854 1773 1882 cu-

102 1908 244 1955 neato‚
272 1900 449 1944 ssoribus
475 1901 629 1959 pallide
656 1901 939 1953 ochroleucis‚
968 1898 1121 1942 ovariis
1149 1898 1496 1942 calvescentibus.

159 1970 259 2008 Hab.
277 1971 315 2007 in
332 1971 575 2010 convallibus
590 1971 785 2009 umbrosis
807 1969 958 2018 frigidis
977 1969 1161 2007 montium
1183 1968 1410 2006 Kartaliniae
1424 1971 1462 2005 et
1486 1979 1608 2016 prope
1626 1966 1774 2003 Atskur

103 2028 311 2081 (Wittm!)‚
336 2030 374 2067 in
399 2030 536 2069 Persia
571 2031 655 2069 bor.
692 2041 815 2079 prope
848 2029 1021 2067 Massula
1055 2027 1243 2078 (Buhsel)
1279 2030 1317 2064 et
1351 2027 1387 2064 in
1411 2039 1520 2075 prov,
1557 2025 1775 2064 Asterabad

104 2087 309 2140 (Bungel).
335 2089 394 2128 Fl.
420 2091 494 2127 fine
517 2090 634 2127 veris.

162 2156 284 2196 Foliis
308 2157 433 2195 affinis
457 2156 694 2206 praecedenti
719 2156 849 2194 differt
873 2155 1006 2194 colore
1030 2154 1165 2193 florum
1187 2157 1224 2192 et
1249 2153 1417 2202 capsulis
1441 2152 1601 2200 glabris.

160 2294 217 2337 P.
250 2294 568 2351 peregrina
594 2293 709 2351 (Mill.
747 2292 852 2335 Dict.
884 2299 932 2334 n0
960 2291 1060 2345 111‘1)
1101 2289 1208 2332 foliis
1245 2287 1420 2331 ternatis
1457 2288 1517 2330 vel
1558 2284 1778 2351 biternatis

103 2351 250 2394 subtus
276 2352 494 2409 puberulis
521 2352 699 2409 glaucis,
727 2350 879 2394 foliolis
905 2348 1098 2405 oblongis
1125 2347 1214 2390 basi
1242 2345 1566 2410 decurrentibus
1602 2350 1777 2399 integris

105 2411 166 2453 vel
193 2410 403 2467 superiori
435 2410 668 2467 tripartito,
696 2409 874 2453 floribus
899 2408 1054 2460 roseis,
1084 2406 1275 2463 carpellis
1305 2411 1552 2448 tomentoffls
1582 2408 1776 2444 arcuato-

103 2469 345 2524 patentibus
381 2477 442 2518 26.
474 2469 525 2513 P.
559 2469 730 2526 pullens
771 2467 896 2511 Sims.

162 2538 263 2576 Hab.
287 2538 326 2575 in
358 2539 473 2577 Ponti
504 2539 688 2577 australis
706 2538 803 2586 jugo
827 2536 1048 2585 Paryadres
1073 2528 1267 2582 (Tomi),
1289 2531 1476 2569 Armenia
1496 2531 1594 2568 inter
1610 2528 1778 2567 Baibout

104 2599 144 2635 et
157 2597 342 2635 Erzerum
360 2597 473 2648 (Calv
487 2598 528 2649 l),
552 2598 653 2636 inter
665 2597 749 2635 Van
768 2599 805 2634 et
821 2594 933 2634 Bitlis
953 2593 1091 2646 (Barre'
1106 2592 1147 2646 1),
1174 2591 1223 2628 ad
1243 2587 1548 2629 Gumuchkhane
1579 2588 1724 2640 (Bourg
1737 2584 1774 2638 l),

104 2656 155 2694 ad
177 2656 332 2694 radices
354 2658 495 2695 montis
518 2657 659 2706 Bingol
683 2656 778 2707 (Ky.
804 2655 938 2704 Suppl.
966 2652 1074 2694 745!
1108 2651 1180 2689 sub
1208 2650 1249 2689 P.
1278 2649 1427 2699 Russi).

162 2721 208 2775 β.
237 2720 404 2776 9ἰαὸνα.
434 2720 549 2764 Folia
577 2721 726 2764 subtus
753 2719 915 2775 glabra.

162 2791 266 2833 Hab.
293 2790 331 2828 in
355 2793 550 2831 montibus
575 2790 834 2841 Sphacioticis
857 2793 895 2828 et
917 2789 1040 2838 sylvis
1063 2785 1257 2838 quercinis
1280 2784 1463 2822 montium
1489 2780 1632 2819 Lassiti
1657 2779 1779 2817 Cretae

105 2848 309 2901 (Heldrl).
1637 2908 1655 2942 7
