<?xml version="1.0" encoding="UTF-8"?>
<!DOCTYPE html PUBLIC "-//W3C//DTD XHTML 1.0 Transitional//EN"
    "http://www.w3.org/TR/xhtml1/DTD/xhtml1-transitional.dtd">
<html xmlns="http://www.w3.org/1999/xhtml" xml:lang="en" lang="en">
 <head>
  <title>
</title>
<meta http-equiv="Content-Type" content="text/html;charset=utf-8" />
  <meta name='ocr-system' content='tesseract 3.04.00' />
  <meta name='ocr-capabilities' content='ocr_page ocr_carea ocr_par ocr_line ocrx_word'/>
</head>
<body>
  <div class='ocr_page' id='page_1' title='image "./floraorientaliss01bois_0733.png"; bbox 0 0 2021 3235; ppageno 0'>
   <div class='ocr_carea' id='block_1_1' title="bbox 921 158 1005 202">
    <p class='ocr_par' dir='ltr' id='par_1_1' title="bbox 921 158 1005 202">
     <span class='ocr_line' id='line_1_1' title="bbox 921 158 1005 202; baseline 0 -1"><span class='ocrx_word' id='word_1_1' title='bbox 921 158 1005 202; x_wconf 82' lang='lat'>689</span> 
     </span>
    </p>
   </div>
   <div class='ocr_carea' id='block_1_2' title="bbox 253 332 1672 475">
    <p class='ocr_par' dir='ltr' id='par_1_2' title="bbox 253 332 1672 475">
     <span class='ocr_line' id='line_1_2' title="bbox 866 332 1069 380; baseline 0 -1"><span class='ocrx_word' id='word_1_2' title='bbox 866 332 1069 380; x_wconf 83' lang='lat' dir='ltr'><strong>THURYA</strong></span> 
     </span>
     <span class='ocr_line' id='line_1_3' title="bbox 253 412 1672 475; baseline 0.001 -15"><span class='ocrx_word' id='word_1_3' title='bbox 253 413 395 475; x_wconf 81' lang='lat' dir='ltr'>(Boiss.</span> <span class='ocrx_word' id='word_1_4' title='bbox 429 417 469 461; x_wconf 81' lang='lat' dir='ltr'>ct</span> <span class='ocrx_word' id='word_1_5' title='bbox 503 414 589 461; x_wconf 84' lang='lat' dir='ltr'>Bal.</span> <span class='ocrx_word' id='word_1_6' title='bbox 625 414 726 461; x_wconf 78' lang='lat' dir='ltr'>Ann-</span> <span class='ocrx_word' id='word_1_7' title='bbox 765 413 830 461; x_wconf 78' lang='lat' dir='ltr'>Sc.</span> <span class='ocrx_word' id='word_1_8' title='bbox 865 412 953 461; x_wconf 81' lang='lat' dir='ltr'>Nat.</span> <span class='ocrx_word' id='word_1_9' title='bbox 992 414 1083 461; x_wconf 80' lang='lat' dir='ltr'>Ser.</span> <span class='ocrx_word' id='word_1_10' title='bbox 1134 414 1198 470; x_wconf 85' lang='lat' dir='ltr'>lv,</span> <span class='ocrx_word' id='word_1_11' title='bbox 1233 414 1320 462; x_wconf 82' lang='lat' dir='ltr'>Vol.</span> <span class='ocrx_word' id='word_1_12' title='bbox 1358 414 1443 471; x_wconf 90' lang='lat' dir='ltr'>Vll,</span> <span class='ocrx_word' id='word_1_13' title='bbox 1477 429 1517 475; x_wconf 77' lang='lat' dir='ltr'>p.</span> <span class='ocrx_word' id='word_1_14' title='bbox 1554 414 1672 473; x_wconf 75' lang='lat'>3⁰2).</span> 
     </span>
    </p>
   </div>
   <div class='ocr_carea' id='block_1_3' title="bbox 123 558 1817 1318">
    <p class='ocr_par' dir='ltr' id='par_1_3' title="bbox 123 558 1817 1318">
     <span class='ocr_line' id='line_1_4' title="bbox 181 558 1806 616; baseline 0.001 -14"><span class='ocrx_word' id='word_1_15' title='bbox 181 558 300 615; x_wconf 84' lang='lat' dir='ltr'>Calyx</span> <span class='ocrx_word' id='word_1_16' title='bbox 329 559 481 616; x_wconf 89' lang='lat' dir='ltr'>sepalis</span> <span class='ocrx_word' id='word_1_17' title='bbox 507 558 534 602; x_wconf 88' lang='lat'>5</span> <span class='ocrx_word' id='word_1_18' title='bbox 560 559 648 602; x_wconf 87' lang='lat' dir='ltr'>basi</span> <span class='ocrx_word' id='word_1_19' title='bbox 679 559 719 601; x_wconf 91' lang='lat' dir='ltr'>in</span> <span class='ocrx_word' id='word_1_20' title='bbox 747 558 896 601; x_wconf 87' lang='lat' dir='ltr'>tubum</span> <span class='ocrx_word' id='word_1_21' title='bbox 923 559 1175 601; x_wconf 88' lang='lat' dir='ltr'>obconicum</span> <span class='ocrx_word' id='word_1_22' title='bbox 1214 559 1459 602; x_wconf 82' lang='lat' dir='ltr'>induratum</span> <span class='ocrx_word' id='word_1_23' title='bbox 1487 561 1671 603; x_wconf 84' lang='lat' dir='ltr'>breviter</span> <span class='ocrx_word' id='word_1_24' title='bbox 1709 575 1806 604; x_wconf 88' lang='lat' dir='ltr'>coa-</span> 
     </span>
     <span class='ocr_line' id='line_1_5' title="bbox 123 616 1808 677; baseline 0.001 -17"><span class='ocrx_word' id='word_1_25' title='bbox 123 617 222 661; x_wconf 88' lang='lat' dir='ltr'>litis.</span> <span class='ocrx_word' id='word_1_26' title='bbox 254 618 395 661; x_wconf 85' lang='lat' dir='ltr'>Petala</span> <span class='ocrx_word' id='word_1_27' title='bbox 421 617 447 659; x_wconf 84' lang='lat'>5</span> <span class='ocrx_word' id='word_1_28' title='bbox 474 618 740 674; x_wconf 78' lang='lat' dir='ltr'>staminaque</span> <span class='ocrx_word' id='word_1_29' title='bbox 769 616 822 659; x_wconf 76' lang='grc'>10</span> <span class='ocrx_word' id='word_1_30' title='bbox 841 617 931 659; x_wconf 90' lang='lat' dir='ltr'>basi</span> <span class='ocrx_word' id='word_1_31' title='bbox 960 617 1002 659; x_wconf 89' lang='lat' dir='ltr'>in</span> <span class='ocrx_word' id='word_1_32' title='bbox 1031 618 1236 660; x_wconf 84' lang='lat' dir='ltr'>annulum</span> <span class='ocrx_word' id='word_1_33' title='bbox 1264 618 1415 660; x_wconf 81' lang='lat' dir='ltr'>coalita</span> <span class='ocrx_word' id='word_1_34' title='bbox 1432 633 1599 661; x_wconf 90' lang='lat' dir='ltr'>summo</span> <span class='ocrx_word' id='word_1_35' title='bbox 1624 620 1808 677; x_wconf 90' lang='lat' dir='ltr'>calycino</span> 
     </span>
     <span class='ocr_line' id='line_1_6' title="bbox 124 674 1809 734; baseline 0.001 -16"><span class='ocrx_word' id='word_1_36' title='bbox 124 677 225 720; x_wconf 88' lang='lat' dir='ltr'>tubo</span> <span class='ocrx_word' id='word_1_37' title='bbox 244 676 419 729; x_wconf 82' lang='lat' dir='ltr'>inserta,</span> <span class='ocrx_word' id='word_1_38' title='bbox 439 677 658 734; x_wconf 76' lang='lat' dir='ltr'>perigyna.</span> <span class='ocrx_word' id='word_1_39' title='bbox 689 675 885 719; x_wconf 86' lang='lat' dir='ltr'>Ovarium</span> <span class='ocrx_word' id='word_1_40' title='bbox 915 674 986 717; x_wconf 69' lang='grc'>4-5</span> <span class='ocrx_word' id='word_1_41' title='bbox 1013 676 1228 718; x_wconf 81' lang='lat' dir='ltr'>ovulalum</span> <span class='ocrx_word' id='word_1_42' title='bbox 1256 676 1389 719; x_wconf 87' lang='lat' dir='ltr'>ovulis</span> <span class='ocrx_word' id='word_1_43' title='bbox 1406 691 1452 719; x_wconf 87' lang='lat' dir='ltr'>ex</span> <span class='ocrx_word' id='word_1_44' title='bbox 1472 677 1589 733; x_wconf 97' lang='lat' dir='ltr'>apice</span> <span class='ocrx_word' id='word_1_45' title='bbox 1608 678 1809 734; x_wconf 75' lang='lat' dir='ltr'>placentae</span> 
     </span>
     <span class='ocr_line' id='line_1_7' title="bbox 124 725 1811 792; baseline 0.001 -16"><span class='ocrx_word' id='word_1_46' title='bbox 124 734 334 778; x_wconf 86' lang='lat' dir='ltr'>filisormis</span> <span class='ocrx_word' id='word_1_47' title='bbox 370 735 578 792; x_wconf 89' lang='lat' dir='ltr'>pendulis.</span> <span class='ocrx_word' id='word_1_48' title='bbox 610 725 725 792; x_wconf 59' lang='lat' dir='ltr'>*Styli</span> <span class='ocrx_word' id='word_1_49' title='bbox 771 742 854 776; x_wconf 87' lang='lat' dir='ltr'>tres</span> <span class='ocrx_word' id='word_1_50' title='bbox 890 733 1126 776; x_wconf 85' lang='lat' dir='ltr'>filisormes.</span> <span class='ocrx_word' id='word_1_51' title='bbox 1167 734 1344 790; x_wconf 84' lang='lat' dir='ltr'>Capsula</span> <span class='ocrx_word' id='word_1_52' title='bbox 1381 735 1612 778; x_wconf 89' lang='lat' dir='ltr'>utriculosa</span> <span class='ocrx_word' id='word_1_53' title='bbox 1648 735 1811 778; x_wconf 85' lang='lat' dir='ltr'>inferne</span> 
     </span>
     <span class='ocr_line' id='line_1_8' title="bbox 125 793 1811 850; baseline 0 -14"><span class='ocrx_word' id='word_1_54' title='bbox 125 793 312 840; x_wconf 88' lang='lat' dir='ltr'>tenuiter</span> <span class='ocrx_word' id='word_1_55' title='bbox 352 793 677 836; x_wconf 83' lang='lat' dir='ltr'>membranacea</span> <span class='ocrx_word' id='word_1_56' title='bbox 719 806 902 849; x_wconf 77' lang='lat' dir='ltr'>superne</span> <span class='ocrx_word' id='word_1_57' title='bbox 939 799 1157 835; x_wconf 83' lang='lat' dir='ltr'>crustacea</span> <span class='ocrx_word' id='word_1_58' title='bbox 1199 793 1241 835; x_wconf 93' lang='lat' dir='ltr'>in</span> <span class='ocrx_word' id='word_1_59' title='bbox 1284 799 1368 835; x_wconf 79' lang='lat' dir='ltr'>tres</span> <span class='ocrx_word' id='word_1_60' title='bbox 1410 794 1546 836; x_wconf 88' lang='lat' dir='ltr'>valvas</span> <span class='ocrx_word' id='word_1_61' title='bbox 1587 794 1811 850; x_wconf 76' lang='lat' dir='ltr'>partibilis,</span> 
     </span>
     <span class='ocr_line' id='line_1_9' title="bbox 127 851 1814 908; baseline 0 -14"><span class='ocrx_word' id='word_1_62' title='bbox 127 866 442 908; x_wconf 87' lang='lat' dir='ltr'>monosperma.</span> <span class='ocrx_word' id='word_1_63' title='bbox 473 852 622 895; x_wconf 85' lang='lat' dir='ltr'>Semen</span> <span class='ocrx_word' id='word_1_64' title='bbox 651 858 821 894; x_wconf 71' lang='lat' dir='ltr'>ovatum</span> <span class='ocrx_word' id='word_1_65' title='bbox 849 851 1097 907; x_wconf 88' lang='lat' dir='ltr'>pendulum.</span> <span class='ocrx_word' id='word_1_66' title='bbox 1126 878 1183 881; x_wconf 80' lang='lat'>—-</span> <span class='ocrx_word' id='word_1_67' title='bbox 1216 851 1355 894; x_wconf 84' lang='lat' dir='ltr'>Herba</span> <span class='ocrx_word' id='word_1_68' title='bbox 1383 852 1583 907; x_wconf 72' lang='lat' dir='ltr'>perennis</span> <span class='ocrx_word' id='word_1_69' title='bbox 1609 852 1814 908; x_wconf 79' lang='lat' dir='ltr'>cespitosa</span> 
     </span>
     <span class='ocr_line' id='line_1_10' title="bbox 127 909 1814 968; baseline -0.001 -15"><span class='ocrx_word' id='word_1_70' title='bbox 127 910 232 953; x_wconf 81' lang='lat' dir='ltr'>facie</span> <span class='ocrx_word' id='word_1_71' title='bbox 260 910 608 967; x_wconf 69' lang='lat' dir='ltr'>Acsmtltophylli.</span> <span class='ocrx_word' id='word_1_72' title='bbox 650 910 738 952; x_wconf 88' lang='lat' dir='ltr'>Hoc</span> <span class='ocrx_word' id='word_1_73' title='bbox 765 923 898 965; x_wconf 76' lang='lat' dir='ltr'>genus</span> <span class='ocrx_word' id='word_1_74' title='bbox 927 909 979 951; x_wconf 94' lang='lat' dir='ltr'>ob</span> <span class='ocrx_word' id='word_1_75' title='bbox 1008 911 1189 968; x_wconf 71' lang='lat' dir='ltr'>calyccm</span> <span class='ocrx_word' id='word_1_76' title='bbox 1218 909 1306 952; x_wconf 84' lang='lat' dir='ltr'>basi</span> <span class='ocrx_word' id='word_1_77' title='bbox 1336 912 1653 967; x_wconf 85' lang='lat' dir='ltr'>monosepalum</span> <span class='ocrx_word' id='word_1_78' title='bbox 1684 918 1723 953; x_wconf 80' lang='lat' dir='ltr'>et</span> <span class='ocrx_word' id='word_1_79' title='bbox 1749 910 1814 952; x_wconf 92' lang='lat' dir='ltr'>in-</span> 
     </span>
     <span class='ocr_line' id='line_1_11' title="bbox 128 967 1817 1027; baseline -0.001 -15"><span class='ocrx_word' id='word_1_80' title='bbox 128 969 357 1012; x_wconf 80' lang='lat' dir='ltr'>sertionem</span> <span class='ocrx_word' id='word_1_81' title='bbox 385 970 630 1027; x_wconf 74' lang='lat' dir='ltr'>pcrigynam</span> <span class='ocrx_word' id='word_1_82' title='bbox 659 968 779 1024; x_wconf 86' lang='lat' dir='ltr'>prius</span> <span class='ocrx_word' id='word_1_83' title='bbox 808 968 1096 1011; x_wconf 75' lang='lat' dir='ltr'>Sclerantlzeis</span> <span class='ocrx_word' id='word_1_84' title='bbox 1117 967 1503 1011; x_wconf 50' lang='lat' dir='ltr'>*minumeravcram</span> <span class='ocrx_word' id='word_1_85' title='bbox 1533 969 1582 1011; x_wconf 88' lang='lat' dir='ltr'>ad</span> <span class='ocrx_word' id='word_1_86' title='bbox 1612 983 1716 1025; x_wconf 88' lang='lat' dir='ltr'>quas</span> <span class='ocrx_word' id='word_1_87' title='bbox 1733 983 1817 1011; x_wconf 91' lang='lat' dir='ltr'>me-</span> 
     </span>
     <span class='ocr_line' id='line_1_12' title="bbox 127 1026 1813 1083; baseline -0.001 -12"><span class='ocrx_word' id='word_1_88' title='bbox 127 1028 268 1071; x_wconf 82' lang='lat' dir='ltr'>dianle</span> <span class='ocrx_word' id='word_1_89' title='bbox 296 1028 508 1070; x_wconf 54' lang='lat' dir='ltr'>Habrosict</span> <span class='ocrx_word' id='word_1_90' title='bbox 534 1027 712 1079; x_wconf 87' lang='lat' dir='ltr'>accedit,</span> <span class='ocrx_word' id='word_1_91' title='bbox 743 1027 813 1070; x_wconf 83' lang='lat' dir='ltr'>scd</span> <span class='ocrx_word' id='word_1_92' title='bbox 841 1040 956 1069; x_wconf 87' lang='lat' dir='ltr'>nunc</span> <span class='ocrx_word' id='word_1_93' title='bbox 983 1027 1135 1076; x_wconf 85' lang='lat' dir='ltr'>(claros</span> <span class='ocrx_word' id='word_1_94' title='bbox 1162 1026 1296 1069; x_wconf 84' lang='lat' dir='ltr'>Bentb</span> <span class='ocrx_word' id='word_1_95' title='bbox 1325 1034 1365 1068; x_wconf 86' lang='lat' dir='ltr'>et</span> <span class='ocrx_word' id='word_1_96' title='bbox 1394 1027 1527 1069; x_wconf 90' lang='lat' dir='ltr'>Hook.</span> <span class='ocrx_word' id='word_1_97' title='bbox 1558 1027 1661 1069; x_wconf 86' lang='lat' dir='ltr'>Gen.</span> <span class='ocrx_word' id='word_1_98' title='bbox 1693 1028 1748 1083; x_wconf 92' lang='lat' dir='ltr'>pl.</span> <span class='ocrx_word' id='word_1_99' title='bbox 1782 1028 1813 1080; x_wconf 88' lang='lat' dir='ltr'>l,</span> 
     </span>
     <span class='ocr_line' id='line_1_13' title="bbox 127 1084 1817 1143; baseline -0.001 -14"><span class='ocrx_word' id='word_1_100' title='bbox 127 1100 169 1143; x_wconf 92' lang='lat' dir='ltr'>p.</span> <span class='ocrx_word' id='word_1_101' title='bbox 200 1085 284 1129; x_wconf 73' lang='lat'>438</span> <span class='ocrx_word' id='word_1_102' title='bbox 312 1087 499 1143; x_wconf 83' lang='lat' dir='ltr'>seculus)</span> <span class='ocrx_word' id='word_1_103' title='bbox 518 1122 527 1139; x_wconf 92' lang='lat'>,</span> <span class='ocrx_word' id='word_1_104' title='bbox 556 1086 637 1129; x_wconf 82' lang='lat' dir='ltr'>hoc</span> <span class='ocrx_word' id='word_1_105' title='bbox 658 1085 767 1128; x_wconf 75' lang='lat' dir='ltr'>inter</span> <span class='ocrx_word' id='word_1_106' title='bbox 792 1086 988 1128; x_wconf 54' lang='lat' dir='ltr'>Amineas</span> <span class='ocrx_word' id='word_1_107' title='bbox 1015 1085 1068 1127; x_wconf 91' lang='lat' dir='ltr'>ob</span> <span class='ocrx_word' id='word_1_108' title='bbox 1096 1084 1246 1127; x_wconf 86' lang='lat' dir='ltr'>faciem</span> <span class='ocrx_word' id='word_1_109' title='bbox 1275 1092 1315 1128; x_wconf 86' lang='lat' dir='ltr'>et</span> <span class='ocrx_word' id='word_1_110' title='bbox 1341 1086 1531 1128; x_wconf 89' lang='lat' dir='ltr'>ovarium</span> <span class='ocrx_word' id='word_1_111' title='bbox 1560 1085 1817 1143; x_wconf 89' lang='lat' dir='ltr'>pluriovula-</span> 
     </span>
     <span class='ocr_line' id='line_1_14' title="bbox 130 1144 1816 1202; baseline -0.001 -15"><span class='ocrx_word' id='word_1_112' title='bbox 130 1152 217 1187; x_wconf 86' lang='lat' dir='ltr'>tum</span> <span class='ocrx_word' id='word_1_113' title='bbox 244 1159 375 1202; x_wconf 81' lang='lat' dir='ltr'>prope</span> <span class='ocrx_word' id='word_1_114' title='bbox 418 1145 819 1201; x_wconf 69' lang='lat' dir='ltr'>Tltylacospermum</span> <span class='ocrx_word' id='word_1_115' title='bbox 855 1144 1149 1186; x_wconf 84' lang='lat' dir='ltr'>collocandum</span> <span class='ocrx_word' id='word_1_116' title='bbox 1187 1157 1278 1186; x_wconf 89' lang='lat' dir='ltr'>esse</span> <span class='ocrx_word' id='word_1_117' title='bbox 1306 1157 1475 1187; x_wconf 88' lang='lat' dir='ltr'>censeo.</span> <span class='ocrx_word' id='word_1_118' title='bbox 1517 1145 1816 1200; x_wconf 70' lang='lat' dir='ltr'>leylacosper-</span> 
     </span>
     <span class='ocr_line' id='line_1_15' title="bbox 128 1201 1817 1260; baseline -0.001 -14"><span class='ocrx_word' id='word_1_119' title='bbox 128 1218 248 1246; x_wconf 77' lang='lat' dir='ltr'>mum</span> <span class='ocrx_word' id='word_1_120' title='bbox 276 1218 299 1246; x_wconf 89' lang='lat' dir='ltr'>a</span> <span class='ocrx_word' id='word_1_121' title='bbox 331 1204 505 1260; x_wconf 65' lang='lat' dir='ltr'>Tlmrycl</span> <span class='ocrx_word' id='word_1_122' title='bbox 530 1203 672 1245; x_wconf 80' lang='lat' dir='ltr'>differt</span> <span class='ocrx_word' id='word_1_123' title='bbox 698 1202 847 1259; x_wconf 83' lang='lat' dir='ltr'>petalis</span> <span class='ocrx_word' id='word_1_124' title='bbox 875 1210 915 1245; x_wconf 87' lang='lat' dir='ltr'>ct</span> <span class='ocrx_word' id='word_1_125' title='bbox 942 1202 1095 1258; x_wconf 82' lang='lat' dir='ltr'>sepalis</span> <span class='ocrx_word' id='word_1_126' title='bbox 1122 1201 1172 1255; x_wconf 73' lang='lat'>4,</span> <span class='ocrx_word' id='word_1_127' title='bbox 1202 1202 1318 1259; x_wconf 77' lang='lat' dir='ltr'>stylis</span> <span class='ocrx_word' id='word_1_128' title='bbox 1346 1202 1372 1244; x_wconf 65' lang='lat'><strong>2</strong></span> <span class='ocrx_word' id='word_1_129' title='bbox 1400 1209 1437 1245; x_wconf 84' lang='lat' dir='ltr'>et</span> <span class='ocrx_word' id='word_1_130' title='bbox 1465 1203 1700 1259; x_wconf 73' lang='lat' dir='ltr'>praesertim</span> <span class='ocrx_word' id='word_1_131' title='bbox 1730 1204 1817 1259; x_wconf 91' lang='lat' dir='ltr'>pla-</span> 
     </span>
     <span class='ocr_line' id='line_1_16' title="bbox 130 1260 1690 1318; baseline -0.001 -13"><span class='ocrx_word' id='word_1_132' title='bbox 130 1265 251 1305; x_wconf 70' lang='lat' dir='ltr'>centa</span> <span class='ocrx_word' id='word_1_133' title='bbox 277 1263 423 1318; x_wconf 78' lang='lat' dir='ltr'>glabra</span> <span class='ocrx_word' id='word_1_134' title='bbox 450 1269 489 1304; x_wconf 88' lang='lat' dir='ltr'>et</span> <span class='ocrx_word' id='word_1_135' title='bbox 515 1263 686 1318; x_wconf 75' lang='lat' dir='ltr'>capsula</span> <span class='ocrx_word' id='word_1_136' title='bbox 715 1264 991 1317; x_wconf 76' lang='lat' dir='ltr'>tetrasperma</span> <span class='ocrx_word' id='word_1_137' title='bbox 1021 1261 1069 1302; x_wconf 86' lang='lat' dir='ltr'>ad</span> <span class='ocrx_word' id='word_1_138' title='bbox 1099 1260 1221 1302; x_wconf 81' lang='lat' dir='ltr'>basin</span> <span class='ocrx_word' id='word_1_139' title='bbox 1249 1275 1383 1317; x_wconf 88' lang='lat' dir='ltr'>usque</span> <span class='ocrx_word' id='word_1_140' title='bbox 1411 1261 1690 1317; x_wconf 87' lang='lat' dir='ltr'>quadrivalvi.</span> 
     </span>
    </p>
   </div>
   <div class='ocr_carea' id='block_1_4' title="bbox 127 1399 1818 1810">
    <p class='ocr_par' dir='ltr' id='par_1_4' title="bbox 127 1399 1818 1810">
     <span class='ocr_line' id='line_1_17' title="bbox 187 1399 1818 1458; baseline -0.001 -12"><span class='ocrx_word' id='word_1_141' title='bbox 187 1403 242 1445; x_wconf 89' lang='grc' dir='ltr'>Τ.</span> <span class='ocrx_word' id='word_1_142' title='bbox 261 1403 521 1458; x_wconf 81' lang='lat' dir='ltr'>capitata</span> <span class='ocrx_word' id='word_1_143' title='bbox 545 1401 701 1457; x_wconf 79' lang='lat' dir='ltr'>(Boiss.</span> <span class='ocrx_word' id='word_1_144' title='bbox 733 1408 773 1444; x_wconf 88' lang='lat' dir='ltr'>et</span> <span class='ocrx_word' id='word_1_145' title='bbox 799 1401 887 1444; x_wconf 86' lang='lat' dir='ltr'>Bal.</span> <span class='ocrx_word' id='word_1_146' title='bbox 917 1402 998 1444; x_wconf 90' lang='lat' dir='ltr'>loc.</span> <span class='ocrx_word' id='word_1_147' title='bbox 1032 1401 1101 1443; x_wconf 89' lang='lat' dir='ltr'>cit.</span> <span class='ocrx_word' id='word_1_148' title='bbox 1126 1401 1209 1444; x_wconf 78' lang='lat' dir='ltr'>[ab.</span> <span class='ocrx_word' id='word_1_149' title='bbox 1233 1399 1306 1457; x_wconf 76' lang='lat'>13)</span> <span class='ocrx_word' id='word_1_150' title='bbox 1335 1400 1558 1457; x_wconf 79' lang='lat' dir='ltr'>cespitosa,</span> <span class='ocrx_word' id='word_1_151' title='bbox 1589 1400 1818 1444; x_wconf 82' lang='lat' dir='ltr'>caudiculis</span> 
     </span>
     <span class='ocr_line' id='line_1_18' title="bbox 131 1459 1817 1517; baseline 0 -15"><span class='ocrx_word' id='word_1_152' title='bbox 131 1460 388 1503; x_wconf 89' lang='lat' dir='ltr'>duriusculis</span> <span class='ocrx_word' id='word_1_153' title='bbox 405 1460 627 1517; x_wconf 74' lang='lat' dir='ltr'>prostratis</span> <span class='ocrx_word' id='word_1_154' title='bbox 646 1460 756 1503; x_wconf 88' lang='lat' dir='ltr'>foliis</span> <span class='ocrx_word' id='word_1_155' title='bbox 774 1459 946 1503; x_wconf 82' lang='lat' dir='ltr'>vetustis</span> <span class='ocrx_word' id='word_1_156' title='bbox 965 1459 1140 1512; x_wconf 88' lang='lat' dir='ltr'>vestitis,</span> <span class='ocrx_word' id='word_1_157' title='bbox 1171 1459 1300 1502; x_wconf 86' lang='lat' dir='ltr'>ramis</span> <span class='ocrx_word' id='word_1_158' title='bbox 1323 1459 1540 1512; x_wconf 87' lang='lat' dir='ltr'>brevibus,</span> <span class='ocrx_word' id='word_1_159' title='bbox 1561 1459 1670 1502; x_wconf 87' lang='lat' dir='ltr'>foliis</span> <span class='ocrx_word' id='word_1_160' title='bbox 1689 1461 1817 1503; x_wconf 79' lang='lat' dir='ltr'>dense</span> 
     </span>
     <span class='ocr_line' id='line_1_19' title="bbox 130 1517 1818 1575; baseline 0 -14"><span class='ocrx_word' id='word_1_161' title='bbox 130 1518 364 1562; x_wconf 79' lang='lat' dir='ltr'>imbricatis</span> <span class='ocrx_word' id='word_1_162' title='bbox 400 1519 549 1575; x_wconf 82' lang='lat' dir='ltr'>rigidis</span> <span class='ocrx_word' id='word_1_163' title='bbox 585 1518 1043 1575; x_wconf 74' lang='lat' dir='ltr'>subulam-triquetris</span> <span class='ocrx_word' id='word_1_164' title='bbox 1081 1518 1342 1561; x_wconf 88' lang='lat' dir='ltr'>mucronatis</span> <span class='ocrx_word' id='word_1_165' title='bbox 1376 1517 1526 1560; x_wconf 82' lang='lat' dir='ltr'>ciliatis</span> <span class='ocrx_word' id='word_1_166' title='bbox 1549 1553 1558 1570; x_wconf 93' lang='lat'>,</span> <span class='ocrx_word' id='word_1_167' title='bbox 1601 1518 1818 1561; x_wconf 84' lang='lat' dir='ltr'>floralibus</span> 
     </span>
     <span class='ocr_line' id='line_1_20' title="bbox 130 1574 1818 1633; baseline -0.001 -13"><span class='ocrx_word' id='word_1_168' title='bbox 130 1577 367 1630; x_wconf 88' lang='lat' dir='ltr'>latioribus,</span> <span class='ocrx_word' id='word_1_169' title='bbox 395 1577 572 1621; x_wconf 85' lang='lat' dir='ltr'>floribus</span> <span class='ocrx_word' id='word_1_170' title='bbox 600 1577 898 1620; x_wconf 87' lang='lat' dir='ltr'>subsessilibus</span> <span class='ocrx_word' id='word_1_171' title='bbox 926 1577 969 1618; x_wconf 90' lang='lat' dir='ltr'>in</span> <span class='ocrx_word' id='word_1_172' title='bbox 995 1591 1138 1633; x_wconf 84' lang='lat' dir='ltr'>cymas</span> <span class='ocrx_word' id='word_1_173' title='bbox 1166 1576 1409 1618; x_wconf 75' lang='lat' dir='ltr'>terminales</span> <span class='ocrx_word' id='word_1_174' title='bbox 1446 1574 1524 1618; x_wconf 72' lang='lat' dir='ltr'>02-ss</span> <span class='ocrx_word' id='word_1_175' title='bbox 1551 1576 1677 1618; x_wconf 88' lang='lat' dir='ltr'>ssoras</span> <span class='ocrx_word' id='word_1_176' title='bbox 1705 1577 1818 1633; x_wconf 86' lang='lat' dir='ltr'>capi-</span> 
     </span>
     <span class='ocr_line' id='line_1_21' title="bbox 127 1634 1813 1692; baseline 0 -14"><span class='ocrx_word' id='word_1_177' title='bbox 127 1636 365 1678; x_wconf 84' lang='lat' dir='ltr'>tuliformes</span> <span class='ocrx_word' id='word_1_178' title='bbox 401 1636 681 1679; x_wconf 82' lang='lat' dir='ltr'>bracteolatas</span> <span class='ocrx_word' id='word_1_179' title='bbox 715 1635 953 1692; x_wconf 86' lang='lat' dir='ltr'>dispositis,</span> <span class='ocrx_word' id='word_1_180' title='bbox 991 1634 1141 1692; x_wconf 88' lang='lat' dir='ltr'>calycis</span> <span class='ocrx_word' id='word_1_181' title='bbox 1177 1635 1343 1677; x_wconf 89' lang='lat' dir='ltr'>laciniis</span> <span class='ocrx_word' id='word_1_182' title='bbox 1371 1634 1518 1690; x_wconf 81' lang='lat' dir='ltr'>rigidis</span> <span class='ocrx_word' id='word_1_183' title='bbox 1550 1635 1813 1687; x_wconf 84' lang='lat' dir='ltr'>lanceolatis,</span> 
     </span>
     <span class='ocr_line' id='line_1_22' title="bbox 127 1692 1816 1751; baseline -0.001 -15"><span class='ocrx_word' id='word_1_184' title='bbox 127 1693 275 1751; x_wconf 83' lang='lat' dir='ltr'>petalis</span> <span class='ocrx_word' id='word_1_185' title='bbox 303 1694 746 1751; x_wconf 79' lang='lat' dir='ltr'>elliptico-linearibus</span> <span class='ocrx_word' id='word_1_186' title='bbox 777 1695 915 1751; x_wconf 80' lang='lat' dir='ltr'>calyce</span> <span class='ocrx_word' id='word_1_187' title='bbox 948 1693 1069 1736; x_wconf 76' lang='lat' dir='ltr'>tertia</span> <span class='ocrx_word' id='word_1_188' title='bbox 1106 1700 1224 1749; x_wconf 88' lang='lat' dir='ltr'>parte</span> <span class='ocrx_word' id='word_1_189' title='bbox 1257 1692 1524 1735; x_wconf 85' lang='lat' dir='ltr'>brevioribus</span> <span class='ocrx_word' id='word_1_190' title='bbox 1552 1693 1816 1749; x_wconf 85' lang='lat' dir='ltr'>persistenti-</span> 
     </span>
     <span class='ocr_line' id='line_1_23' title="bbox 129 1751 1406 1810; baseline -0.002 -15"><span class='ocrx_word' id='word_1_191' title='bbox 129 1753 226 1804; x_wconf 86' lang='lat' dir='ltr'>bus,</span> <span class='ocrx_word' id='word_1_192' title='bbox 255 1754 425 1809; x_wconf 75' lang='lat' dir='ltr'>capsula</span> <span class='ocrx_word' id='word_1_193' title='bbox 451 1752 552 1796; x_wconf 88' lang='lat' dir='ltr'>tubo</span> <span class='ocrx_word' id='word_1_194' title='bbox 580 1752 770 1810; x_wconf 84' lang='lat' dir='ltr'>calycino</span> <span class='ocrx_word' id='word_1_195' title='bbox 798 1752 961 1795; x_wconf 77' lang='lat' dir='ltr'>inclusa</span> <span class='ocrx_word' id='word_1_196' title='bbox 989 1751 1303 1807; x_wconf 75' lang='lat' dir='ltr'>ovato-trigona</span> <span class='ocrx_word' id='word_1_197' title='bbox 1345 1759 1406 1800; x_wconf 71' lang='lat'>26.</span> 
     </span>
    </p>
   </div>
   <div class='ocr_carea' id='block_1_5' title="bbox 128 1822 1817 1932">
    <p class='ocr_par' dir='ltr' id='par_1_5' title="bbox 128 1822 1817 1932">
     <span class='ocr_line' id='line_1_24' title="bbox 186 1822 1817 1873; baseline -0.002 -12"><span class='ocrx_word' id='word_1_198' title='bbox 186 1825 291 1862; x_wconf 87' lang='lat' dir='ltr'>Hab.</span> <span class='ocrx_word' id='word_1_199' title='bbox 319 1825 355 1861; x_wconf 89' lang='lat' dir='ltr'>in</span> <span class='ocrx_word' id='word_1_200' title='bbox 382 1826 540 1873; x_wconf 86' lang='lat' dir='ltr'>regione</span> <span class='ocrx_word' id='word_1_201' title='bbox 563 1824 696 1872; x_wconf 62' lang='lat' dir='ltr'>alpina</span> <span class='ocrx_word' id='word_1_202' title='bbox 718 1824 838 1862; x_wconf 84' lang='lat' dir='ltr'>Tauri</span> <span class='ocrx_word' id='word_1_203' title='bbox 870 1822 1082 1862; x_wconf 84' lang='lat' dir='ltr'>Orientalis</span> <span class='ocrx_word' id='word_1_204' title='bbox 1119 1835 1238 1871; x_wconf 83' lang='lat' dir='ltr'>supra</span> <span class='ocrx_word' id='word_1_205' title='bbox 1273 1822 1443 1870; x_wconf 84' lang='lat' dir='ltr'>Bulghar</span> <span class='ocrx_word' id='word_1_206' title='bbox 1469 1822 1636 1859; x_wconf 82' lang='lat' dir='ltr'>Maaden</span> <span class='ocrx_word' id='word_1_207' title='bbox 1661 1822 1817 1872; x_wconf 77' lang='lat' dir='ltr'>(Ball).</span> 
     </span>
     <span class='ocr_line' id='line_1_25' title="bbox 128 1882 315 1932; baseline 0.011 -12"><span class='ocrx_word' id='word_1_208' title='bbox 128 1882 189 1922; x_wconf 89' lang='lat' dir='ltr'>Fl.</span> <span class='ocrx_word' id='word_1_209' title='bbox 212 1883 315 1932; x_wconf 85' lang='lat' dir='ltr'>Aug.</span> 
     </span>
    </p>
   </div>
   <div class='ocr_carea' id='block_1_6' title="bbox 188 1944 1428 2002">
    <p class='ocr_par' dir='ltr' id='par_1_6' title="bbox 188 1944 1428 2002">
     <span class='ocr_line' id='line_1_26' title="bbox 188 1944 1428 2002; baseline -0.002 -15"><span class='ocrx_word' id='word_1_210' title='bbox 188 1949 299 1988; x_wconf 85' lang='lat' dir='ltr'>Folia</span> <span class='ocrx_word' id='word_1_211' title='bbox 319 1945 471 2002; x_wconf 69' lang='grc' dir='ltr'><em>4-4Ἰ2</em></span> <span class='ocrx_word' id='word_1_212' title='bbox 495 1949 618 1988; x_wconf 84' lang='lat' dir='ltr'>lineas</span> <span class='ocrx_word' id='word_1_213' title='bbox 642 1950 772 1998; x_wconf 81' lang='lat' dir='ltr'>longa,</span> <span class='ocrx_word' id='word_1_214' title='bbox 801 1949 917 1997; x_wconf 82' lang='lat' dir='ltr'>calyx</span> <span class='ocrx_word' id='word_1_215' title='bbox 938 1946 1021 1988; x_wconf 90' lang='lat'>6-6</span> <span class='ocrx_word' id='word_1_216' title='bbox 1041 1944 1100 2000; x_wconf 74' lang='lat' dir='ltr'>¹s2</span> <span class='ocrx_word' id='word_1_217' title='bbox 1126 1948 1248 1985; x_wconf 85' lang='lat' dir='ltr'>lineas</span> <span class='ocrx_word' id='word_1_218' title='bbox 1272 1948 1428 1996; x_wconf 82' lang='lat' dir='ltr'>longus.</span> 
     </span>
    </p>
   </div>
   <div class='ocr_carea' id='block_1_7' title="bbox 360 2097 1575 2143">
    <p class='ocr_par' dir='ltr' id='par_1_7' title="bbox 360 2097 1575 2143">
     <span class='ocr_line' id='line_1_27' title="bbox 360 2097 1575 2143; baseline -0.003 0"><span class='ocrx_word' id='word_1_219' title='bbox 360 2100 434 2143; x_wconf 71' lang='grc' dir='ltr'>ΤΒ.</span> <span class='ocrx_word' id='word_1_220' title='bbox 465 2100 517 2143; x_wconf 90' lang='lat' dir='ltr'>Il.</span> <span class='ocrx_word' id='word_1_221' title='bbox 548 2099 937 2143; x_wconf 82' lang='lat' dir='ltr'><strong>STELLARINEAE.</strong></span> <span class='ocrx_word' id='word_1_222' title='bbox 969 2098 1091 2141; x_wconf 84' lang='lat' dir='ltr'>Fenzl</span> <span class='ocrx_word' id='word_1_223' title='bbox 1120 2098 1162 2140; x_wconf 94' lang='lat' dir='ltr'>in</span> <span class='ocrx_word' id='word_1_224' title='bbox 1191 2098 1309 2140; x_wconf 90' lang='lat' dir='ltr'>Endl.</span> <span class='ocrx_word' id='word_1_225' title='bbox 1340 2097 1444 2140; x_wconf 88' lang='lat' dir='ltr'>Gen.</span> <span class='ocrx_word' id='word_1_226' title='bbox 1476 2097 1575 2140; x_wconf 70' lang='lat'><strong>966.</strong></span> 
     </span>
    </p>
   </div>
   <div class='ocr_carea' id='block_1_8' title="bbox 191 2229 1813 2288">
    <p class='ocr_par' dir='ltr' id='par_1_8' title="bbox 191 2229 1813 2288">
     <span class='ocr_line' id='line_1_28' title="bbox 191 2229 1813 2288; baseline -0.002 -14"><span class='ocrx_word' id='word_1_227' title='bbox 191 2231 306 2274; x_wconf 85' lang='lat' dir='ltr'>Folia</span> <span class='ocrx_word' id='word_1_228' title='bbox 331 2230 594 2288; x_wconf 82' lang='lat' dir='ltr'>exstipulata.</span> <span class='ocrx_word' id='word_1_229' title='bbox 615 2229 804 2287; x_wconf 79' lang='lat' dir='ltr'>Capsulae</span> <span class='ocrx_word' id='word_1_230' title='bbox 830 2229 957 2271; x_wconf 83' lang='lat' dir='ltr'>valvae</span> <span class='ocrx_word' id='word_1_231' title='bbox 984 2229 1046 2271; x_wconf 94' lang='lat' dir='ltr'>vel</span> <span class='ocrx_word' id='word_1_232' title='bbox 1074 2229 1220 2271; x_wconf 89' lang='lat' dir='ltr'>dentes</span> <span class='ocrx_word' id='word_1_233' title='bbox 1238 2229 1439 2284; x_wconf 80' lang='lat' dir='ltr'>stylorum</span> <span class='ocrx_word' id='word_1_234' title='bbox 1461 2242 1641 2271; x_wconf 89' lang='lat' dir='ltr'>numero</span> <span class='ocrx_word' id='word_1_235' title='bbox 1658 2229 1813 2285; x_wconf 82' lang='lat' dir='ltr'>duplae.</span> 
     </span>
    </p>
   </div>
   <div class='ocr_carea' id='block_1_9' title="bbox 134 2384 1820 2440">
    <p class='ocr_par' dir='ltr' id='par_1_9' title="bbox 134 2384 1820 2440">
     <span class='ocr_line' id='line_1_29' title="bbox 134 2384 1820 2440; baseline -0.003 -9"><span class='ocrx_word' id='word_1_236' title='bbox 134 2388 289 2432; x_wconf 79' lang='lat' dir='ltr'><strong>SURTR.</strong></span> <span class='ocrx_word' id='word_1_237' title='bbox 326 2386 708 2431; x_wconf 83' lang='lat' dir='ltr'><em>ARENARIEAE.</em></span> <span class='ocrx_word' id='word_1_238' title='bbox 748 2386 872 2429; x_wconf 86' lang='lat' dir='ltr'>Fenzl</span> <span class='ocrx_word' id='word_1_239' title='bbox 905 2387 984 2428; x_wconf 89' lang='lat' dir='ltr'>loc.</span> <span class='ocrx_word' id='word_1_240' title='bbox 1033 2385 1103 2427; x_wconf 86' lang='lat' dir='ltr'>cit.</span> <span class='ocrx_word' id='word_1_241' title='bbox 1141 2410 1198 2414; x_wconf 85' lang='lat'>-</span> <span class='ocrx_word' id='word_1_242' title='bbox 1226 2384 1342 2439; x_wconf 73' lang='lat' dir='ltr'>Stylz&#39;</span> <span class='ocrx_word' id='word_1_243' title='bbox 1378 2385 1612 2440; x_wconf 72' lang='lat' dir='ltr'>soepissime</span> <span class='ocrx_word' id='word_1_244' title='bbox 1642 2384 1727 2427; x_wconf 74' lang='grc'>2-3</span> <span class='ocrx_word' id='word_1_245' title='bbox 1756 2399 1820 2426; x_wconf 72' lang='lat' dir='ltr'>se-</span> 
     </span>
    </p>
   </div>
   <div class='ocr_carea' id='block_1_10' title="bbox 395 2443 1815 2547">
    <p class='ocr_par' dir='ltr' id='par_1_10' title="bbox 395 2443 1815 2547">
     <span class='ocr_line' id='line_1_30' title="bbox 395 2443 1815 2502; baseline -0.003 -13"><span class='ocrx_word' id='word_1_246' title='bbox 395 2446 506 2502; x_wconf 77' lang='lat' dir='ltr'>palis</span> <span class='ocrx_word' id='word_1_247' title='bbox 537 2446 733 2502; x_wconf 73' lang='lat' dir='ltr'>oppositi.</span> <span class='ocrx_word' id='word_1_248' title='bbox 773 2443 962 2500; x_wconf 75' lang='lat' dir='ltr'>Capsula</span> <span class='ocrx_word' id='word_1_249' title='bbox 992 2449 1115 2486; x_wconf 79' lang='lat' dir='ltr'>ovata</span> <span class='ocrx_word' id='word_1_250' title='bbox 1145 2447 1209 2484; x_wconf 81' lang='lat' dir='ltr'>vet</span> <span class='ocrx_word' id='word_1_251' title='bbox 1249 2443 1535 2485; x_wconf 65' lang='lat' dir='ltr'>ovato-conica</span> <span class='ocrx_word' id='word_1_252' title='bbox 1566 2444 1713 2485; x_wconf 60' lang='lat' dir='ltr'>rarius</span> <span class='ocrx_word' id='word_1_253' title='bbox 1745 2457 1815 2497; x_wconf 73' lang='lat' dir='ltr'>cy-</span> 
     </span>
     <span class='ocr_line' id='line_1_31' title="bbox 399 2504 600 2547; baseline -0.005 -1"><span class='ocrx_word' id='word_1_254' title='bbox 399 2504 600 2547; x_wconf 77' lang='lat' dir='ltr'>lindrica.</span> 
     </span>
    </p>
   </div>
   <div class='ocr_carea' id='block_1_11' title="bbox 659 2673 1303 2737">
    <p class='ocr_par' dir='ltr' id='par_1_11' title="bbox 659 2673 1303 2737">
     <span class='ocr_line' id='line_1_32' title="bbox 659 2673 1303 2737; baseline -0.009 -11"><span class='ocrx_word' id='word_1_255' title='bbox 659 2677 914 2726; x_wconf 70' lang='grc' dir='ltr'><strong>ΑΒΕΝΑΒΙΑ</strong></span> <span class='ocrx_word' id='word_1_256' title='bbox 948 2677 1020 2737; x_wconf 83' lang='lat' dir='ltr'>(L.</span> <span class='ocrx_word' id='word_1_257' title='bbox 1055 2675 1151 2723; x_wconf 82' lang='lat' dir='ltr'>Gen.</span> <span class='ocrx_word' id='word_1_258' title='bbox 1186 2673 1303 2734; x_wconf 84' lang='lat'>777).</span> 
     </span>
    </p>
   </div>
   <div class='ocr_carea' id='block_1_12' title="bbox 140 2789 1822 2916">
    <p class='ocr_par' dir='ltr' id='par_1_12' title="bbox 140 2789 1822 2916">
     <span class='ocr_line' id='line_1_33' title="bbox 197 2789 1822 2857; baseline -0.009 -13"><span class='ocrx_word' id='word_1_259' title='bbox 197 2801 320 2857; x_wconf 84' lang='lat' dir='ltr'>Calyx</span> <span class='ocrx_word' id='word_1_260' title='bbox 345 2799 371 2840; x_wconf 78' lang='lat'>5</span> <span class='ocrx_word' id='word_1_261' title='bbox 398 2800 580 2855; x_wconf 86' lang='lat' dir='ltr'>sepalus.</span> <span class='ocrx_word' id='word_1_262' title='bbox 612 2798 752 2841; x_wconf 82' lang='lat' dir='ltr'>Petala</span> <span class='ocrx_word' id='word_1_263' title='bbox 779 2796 805 2839; x_wconf 85' lang='lat'>5</span> <span class='ocrx_word' id='word_1_264' title='bbox 833 2797 997 2850; x_wconf 80' lang='lat' dir='ltr'>integra</span> <span class='ocrx_word' id='word_1_265' title='bbox 1025 2795 1085 2836; x_wconf 83' lang='lat' dir='ltr'>vel</span> <span class='ocrx_word' id='word_1_266' title='bbox 1114 2799 1269 2835; x_wconf 86' lang='lat' dir='ltr'>retusa.</span> <span class='ocrx_word' id='word_1_267' title='bbox 1297 2789 1558 2854; x_wconf 79' lang='lat' dir='ltr'>StaminalO</span> <span class='ocrx_word' id='word_1_268' title='bbox 1576 2789 1691 2832; x_wconf 87' lang='lat' dir='ltr'>disco</span> <span class='ocrx_word' id='word_1_269' title='bbox 1705 2790 1822 2854; x_wconf 83' lang='lat' dir='ltr'>peri-</span> 
     </span>
     <span class='ocr_line' id='line_1_34' title="bbox 140 2848 1821 2916; baseline -0.009 -13"><span class='ocrx_word' id='word_1_270' title='bbox 140 2873 251 2916; x_wconf 82' lang='lat' dir='ltr'>gyno</span> <span class='ocrx_word' id='word_1_271' title='bbox 277 2858 556 2914; x_wconf 82' lang='lat' dir='ltr'>glandulifero</span> <span class='ocrx_word' id='word_1_272' title='bbox 582 2857 758 2899; x_wconf 87' lang='lat' dir='ltr'>inserta.</span> <span class='ocrx_word' id='word_1_273' title='bbox 787 2854 887 2911; x_wconf 86' lang='lat' dir='ltr'>Styli</span> <span class='ocrx_word' id='word_1_274' title='bbox 915 2853 941 2896; x_wconf 81' lang='lat'><strong>3</strong></span> <span class='ocrx_word' id='word_1_275' title='bbox 967 2851 1202 2908; x_wconf 80' lang='lat' dir='ltr'>&lt;rarissime</span> <span class='ocrx_word' id='word_1_276' title='bbox 1231 2848 1337 2904; x_wconf 72' lang='lat'>2-5).</span> <span class='ocrx_word' id='word_1_277' title='bbox 1368 2850 1566 2899; x_wconf 82' lang='lat' dir='ltr'>Ovarium</span> <span class='ocrx_word' id='word_1_278' title='bbox 1595 2849 1821 2890; x_wconf 78' lang='lat' dir='ltr'>multiovu-</span> 
     </span>
    </p>
   </div>
   <div class='ocr_carea' id='block_1_13' title="bbox 1586 2937 1628 2971">
    <p class='ocr_par' dir='ltr' id='par_1_13' title="bbox 1586 2937 1628 2971">
     <span class='ocr_line' id='line_1_35' title="bbox 1586 2937 1628 2971; baseline -0.024 0"><span class='ocrx_word' id='word_1_279' title='bbox 1586 2937 1628 2971; x_wconf 69' lang='lat'>44</span> 
     </span>
    </p>
   </div>
  </div>
 </body>
</html>
