2021 3235
972 102 1058 146 184

170 191 356 234 rioribus
384 191 579 247 oblongis
606 191 806 245 dentatis,
836 192 1017 235 racemis
1046 192 1124 235 sub
1151 192 1316 235 anthesi
1344 193 1504 247 densis,
1533 192 1697 250 siliquis
1721 194 1858 248 longis

170 249 418 305 gracillimis
445 250 858 307 erecto-patentibus
886 250 1071 293 arcuatis
1098 251 1201 308 stylo
1229 250 1345 293 tenui
1377 251 1645 307 longiusculo
1682 253 1752 308 (a).
1798 253 1854 296 Ic.

170 308 328 351 Deless.
361 308 415 362 ΙΙ,
444 308 530 351 tab.
563 308 616 351 19
645 309 810 365 (mala).
850 307 1143 365 Sisymbrium
1172 309 1378 352 barbarea
1404 309 1451 352 L.
1480 308 1550 366 Sp.
1581 309 1679 352 921.

228 380 332 418 Hab.
355 379 406 417 ad
430 391 552 428 aquas
576 380 614 416 in
639 379 801 426 regione
826 380 1012 417 montana
1035 379 1228 417 Anatoliae
1256 380 1294 417 in
1323 379 1448 428 Lycia
1473 372 1678 434 (Heldr!)‚
1707 379 1858 428 Cappa-

172 438 286 477 docia
308 440 408 484 (Bal.
434 437 528 477 exs!
558 439 629 476 sub
654 438 697 476 B.
723 438 915 489 arcuata),
942 438 1125 486 Phrygiae
1148 443 1275 476 monte
1298 438 1521 488 Almadagh
1547 436 1647 490 (Bal.
1673 441 1760 477 exs!
1790 440 1860 478 sub

171 497 217 536 B.
242 498 417 549 minori),
445 498 568 535 Ponto
598 497 795 548 (Tchihl),
823 496 961 535 Cilicia
985 497 1164 535 Kurdica
1186 498 1235 535 ad
1260 498 1418 535 Kassan
1443 497 1545 546 Oglu
1569 493 1705 551 (Ky!)‚
1726 498 1861 536 Arme-

173 557 239 594 nia
260 557 403 607 (Huetl
425 550 512 605 Ky!
532 556 559 608 )‚
588 557 703 605 Syria
718 557 802 594 bor.
829 557 867 593 in
889 557 1085 594 montibus
1105 556 1248 594 Aintab
1272 557 1445 606 (Haussk
1460 558 1500 606 l),
1523 557 1670 595 ditione
1684 557 1861 606 Talysch

175 616 330 666 (Hohen
345 619 384 666 l),
409 617 554 654 Persiae
576 615 748 654 borealis
771 618 901 653 monte
923 615 1067 654 Elbrus
1093 614 1187 664 (Ky.
1217 627 1298 654 exs.
1316 614 1422 656 5051
1442 618 1527 656 sub.
1546 616 1590 655 Β.
1608 617 1863 666 inteyrisolid)

175 680 214 714 et
230 677 392 714 australi
416 677 455 713 in
478 678 608 713 monte
627 674 844 711 Kuhdaena
870 669 969 729 (Ky.
989 686 1070 712 eXS.
1091 672 1181 714 610
1197 672 1241 725 l).

235 743 373 781 Flores
410 742 545 791 pallidi
583 742 637 778 eis
674 740 717 778 B.
745 741 919 790 vulgaris
953 741 1070 790 paulo
1099 742 1291 790 minores,
1323 742 1473 791 siliquae
1506 742 1861 791 sesquipollicareS.

176 803 301 840 Valde
332 802 457 839 affinis
487 801 534 839 B.
570 804 750 850 arcuatae,
791 801 1042 848 distinguitur
1077 800 1181 839 foliis
1218 801 1455 840 radicalibus
1488 802 1554 839 vix
1592 801 1729 850 lyratis
1760 802 1863 839 lobis

177 862 405 899 lateralibus
438 860 736 899 dentiformibus
770 860 964 897 terminali
1000 860 1194 909 oblongo,
1227 860 1378 910 siliquis
1409 861 1682 910 gracilioribus
1709 861 1864 909 longio‹

177 921 298 959 ribus.
321 921 462 958 Planta
484 920 679 969 aquatica.

238 1053 295 1095 B.
315 1051 511 1095 Sicula
537 1050 685 1105 (Presl.
717 1049 804 1091 Del.
837 1048 960 1104 Prag.
992 1047 1063 1090 17.
1094 1048 1215 1091 Guss.
1245 1047 1345 1104 Syn.
1376 1048 1429 1101 ΙΙ,
1458 1062 1500 1104 p.
1532 1047 1634 1104 180)
1661 1048 1771 1091 foliis
1799 1049 1864 1091 in-

181 1112 258 1153 ser.
290 1109 436 1167 lyratis
463 1109 559 1151 lobo
589 1107 801 1151 terminali
829 1113 950 1150 ovato
977 1107 1221 1149 lateralibus
1248 1106 1388 1162 parvis
1414 1106 1628 1150 interdum
1666 1106 1865 1150 oblitera-

182 1169 250 1222 tis,
290 1168 399 1211 foliis
427 1167 606 1209 caulinis
634 1167 677 1209 in
703 1165 879 1209 lacinias
906 1165 1090 1208 lineares
1118 1164 1467 1222 pinnatipartitis‚
1507 1179 1676 1208 racemo
1709 1165 1864 1208 laxius-

182 1228 295 1281 culo‚
324 1226 488 1283 siliquis
517 1223 921 1281 erecto-patentibus
949 1224 1149 1267 brevibus
1176 1223 1377 1266 tenuibus
1394 1224 1593 1267 torulosis
1611 1224 1866 1281 compressis

183 1287 290 1344 stylo
318 1299 465 1328 earum
493 1283 715 1327 latitudine
742 1282 926 1338 longiori
954 1282 1175 1340 apiculatis
1203 1284 1273 1339 Θ.

242 1357 344 1394 Hab.
371 1356 408 1393 in
446 1355 641 1392 montibus
665 1364 788 1402 prope
814 1352 1020 1402 Smyrnam
1039 1345 1165 1400 'supra
1194 1353 1421 1390 Bournabat
1446 1347 1621 1403 (Boissl)
1641 1384 1650 1399 ,
1675 1352 1812 1402 Lydiae
1836 1353 1874 1390 in

185 1416 328 1454 Tmolo
352 1416 401 1453 ad
440 1414 626 1461 Bozdagh
652 1413 763 1461 (Bal.
791 1424 872 1449 exs.
900 1411 976 1452 75!
1005 1413 1075 1451 sub
1104 1412 1146 1450 B.
1175 1411 1451 1463 Augustam),
1476 1412 1611 1461 Lyciae
1644 1413 1694 1450 ad
1718 1413 1874 1450 Elmalu

186 1476 342 1528 (Bourg.
369 1466 460 1512 exs!
484 1475 554 1512 sub
575 1474 616 1511 B.
639 1473 834 1522 Cilicica).
863 1472 921 1510 Fl.
947 1476 1029 1510 aest.

244 1543 385 1579 Planta
410 1541 622 1580 Orientalis
647 1543 790 1589 praeter
813 1541 958 1587 stylum
980 1540 1181 1588 paululum
1203 1540 1422 1588 longiorem
1448 1551 1533 1577 eum
1565 1539 1698 1578 Sicula
1731 1540 1876 1588 optime

187 1602 380 1641 convenit.
422 1601 543 1639 Foliis
569 1601 611 1639 Β.
637 1598 878 1638 intermedioe
902 1600 1056 1637 Borean
1078 1599 1214 1636 similis
1238 1599 1367 1636 differt
1391 1598 1541 1647 siliquis
1566 1600 1810 1637 tenuioribus
1840 1602 1878 1636 et

185 1661 430 1700 brevioribus
467 1659 554 1708 (6-7
581 1662 646 1699 lin.
681 1660 808 1708 longis
838 1656 893 1712 ¹s2
920 1659 987 1697 lin.
1014 1657 1128 1708 latis)
1153 1658 1452 1707 erecto-patulis
1487 1669 1558 1696 nec
1589 1658 1749 1709 strictis,
1774 1659 1877 1706 stylo

185 1722 304 1770 longo
333 1722 439 1759 tenui
475 1718 640 1770 abrupte
675 1719 891 1758 terminat-is
927 1730 1000 1758 nec
1030 1719 1067 1756 in
1100 1719 1245 1767 stylum
1271 1729 1403 1756 earum
1428 1718 1632 1760 latitudine
1656 1718 1877 1757 breviorem

185 1780 406 1819 attenuatis.

244 1845 319 1885 Ar.
354 1851 514 1896 Geogr.
546 1848 660 1886 Italia
682 1848 880 1887 australis.

871 1973 893 1994 ἃ
927 1972 949 1994 ÷÷
982 1973 1191 2010 Perennes.

842 2064 874 2116 †
905 2065 1018 2103 Folia
1049 2065 1216 2112 integra.

244 2175 301 2216 B.
330 2172 697 2228 integriiolia
739 2172 826 2227 (Dc.
857 2169 964 2227 Syst.
999 2169 1053 2221 ΙΙ,
1091 2182 1133 2225 p.
1165 2167 1267 2222 208)
1308 2167 1567 2223 glaberrima
1591 2203 1600 2220 ‚
1644 2167 1875 2210 rhizomate

186 2231 350 2289 repenti
381 2244 550 2273 ramoso
584 2230 805 2272 fasciculos
840 2228 1038 2271 soliorum
1076 2226 1285 2269 sterilium
1321 2225 1480 2279 edenti,
1524 2225 1634 2269 foliis
1675 2226 1876 2269 omnibus

185 2289 364 2345 integris
391 2288 585 2344 oblongis
619 2287 875 2331 radicalihus
907 2288 1033 2342 longe
1067 2285 1293 2342 petiolatis‚
1332 2284 1510 2327 caulinis
1538 2285 1755 2328 sessilibus
1782 2285 1872 2327 basi

185 2344 346 2392 minute
381 2347 645 2401 auriculafis,
682 2345 863 2390 racemis
890 2345 1090 2389 floriferis
1116 2343 1206 2386 basi
1235 2343 1414 2386 ramosis
1440 2345 1558 2387 valde
1584 2344 1872 2397 condensatis,

184 2407 422 2465 siliquis...
462 2416 521 2458 ᾏ.

242 2478 341 2516 Hab.
366 2478 403 2514 in
429 2476 682 2524 Cappadocia
707 2474 914 2526 (Tournef.
937 2472 1094 2523 herbl),
1120 2473 1170 2510 ad
1195 2472 1393 2520 margines
1419 2472 1529 2511 lacus
1555 2472 1719 2511 Oimmin
1754 2484 1873 2521 supra

183 2535 515 2575 Gumusclikhane
544 2537 581 2572 in
606 2535 792 2573 Armenia
817 2530 1038 2586 (Bourgl),
1067 2533 1126 2570 Fl.
1154 2535 1236 2569 aest.

241 2604 413 2649 PedaHs,
439 2604 530 2640 folia
563 2602 751 2640 radicalia
780 2601 963 2650 pollicem
992 2601 1114 2648 longa
1135 2599 1282 2648 petiolo
1313 2595 1391 2638 2-5
1422 2599 1487 2648 plo
1515 2599 1680 2648 longiori
1704 2599 1874 2637 suffulta.

181 2664 320 2701 Flores
346 2663 497 2700 intense
521 2662 643 2699 aurei.

737 2777 768 2828 †
800 2777 830 2828 †
862 2777 976 2815 Folia
1002 2777 1156 2815 caulina
1179 2777 1317 2814 divisa.

236 2884 293 2927 B.
322 2884 519 2927 minor
547 2881 607 2939 (C.
641 2882 770 2925 Koch.
804 2882 925 2925 Linn.
957 2882 1065 2936 XIX,
1094 2896 1134 2939 p.
1159 2881 1231 2938 55)
1259 2882 1549 2939 glabriuscula
1576 2883 1754 2940 pumda,
1788 2882 1873 2925 rhi-

2003 38 2010 116 .w
