2021 3235
990 139 1044 182 37

1051 217 1058 234 Ι

233 239 378 278 Praeter
417 239 577 278 lacinias
618 240 742 278 minus
776 243 911 278 tenues
937 241 1064 280 differt
1100 255 1122 280 a
1153 246 1398 291 praecedente
1436 248 1663 296 pedunculis
1710 252 1848 292 fructif.

178 299 291 336 valde
313 299 539 337 incrassatis
553 329 563 348 ‚
589 299 850 348 carpellorum
873 304 1000 339 rostro
1023 302 1206 341 breviori.

175 525 319 568 presse
348 510 557 563 hirtulus‚
587 511 752 566 grumis
779 512 1136 568 ovato-oblongis,
1167 514 1277 557 soliis
1304 517 1461 559 ambitu
1492 496 1683 574 oblmi'gis
1724 536 1848 578 supra

173 569 473 626 decompositis
514 569 744 624 segmentis
791 570 1012 614 llabellalis
1053 571 1217 614 laciniis
1265 573 1461 618 brevibus
1502 577 1693 632 oblongis
1734 595 1849 636 apim

173 628 370 681 dentatis,
400 629 519 670 caule
547 627 809 670 divaricatim
838 628 1143 682 ramosissimo,
1173 632 1422 687 pedunculis
1450 635 1677 679 fructiferis
1701 638 1759 679 vix
1788 639 1848 680 in-

173 686 386 739 crassatis,
418 686 533 743 spicfi
559 688 679 728 ovata
704 686 899 743 carpellis
926 678 1166 731 semiovatis
1193 689 1525 746 triangularibus
1543 695 1699 747 glabris
1718 710 1846 751 punc-

120 750 125 754 “
173 745 314 788 tulalis
341 745 384 787 in
412 751 596 788 rostrum
626 745 906 787 lanceolatum
934 754 1095 788 rectum
1124 747 1185 789 cis
1211 748 1380 792 brevius
1413 751 1667 795 abeuntibus
1704 762 1762 802 26.
1797 755 1843 797 R.

173 804 433 860 daucifolius
460 803 567 846 Stcv.
599 803 704 845 Bull.
737 803 868 860 Mcsq.
900 803 1026 847 1852.
1059 805 1141 848 tab.
1176 806 1256 848 Vll.
1290 807 1357 864 fig.
1391 807 1430 850 2.

232 874 332 913 Hab.
358 874 397 912 in
422 874 543 922 pratis
564 873 615 910 ad
626 884 731 910 mare
746 872 932 921 Caspium
956 886 1081 923 prope
1107 875 1317 914 Leukoran
1334 876 1447 929 (Hoh.
1466 891 1544 917 exs.
1564 882 1632 918 sub
1658 882 1700 919 R.
1719 882 1847 919 Orien-

172 934 257 983 tali)
281 935 320 971 in
345 945 453 982 prov.
480 931 621 970 Ghilan
646 932 790 979 (Bullse
807 927 815 970 l
833 937 856 982 )‚
884 934 920 970 in
946 946 1055 981 prov,
1084 934 1303 974 Asterabad
1326 935 1473 989 (Bunge
1490 936 1533 989 !).

230 1001 367 1038 Affinis
391 1000 436 1038 R.
460 1000 720 1050 myriophyllo
746 1000 815 1038 sed
839 1004 1041 1048 segmenta
1064 1002 1188 1049 magis
1213 1002 1409 1042 flabellata
1424 1008 1461 1042 et
1478 1006 1627 1044 laciniae
1652 1008 1848 1047 breviores

172 1061 407 1109 obtusiores,
435 1060 695 1107 carpellorum
726 1064 894 1097 rostrum
928 1064 1075 1098 rectum
1114 1072 1185 1099 nec
1218 1064 1390 1110 patulum
1422 1064 1511 1101 inde
1542 1066 1650 1113 spica
1683 1069 1848 1106 tenuior.

171 1121 215 1158 In
238 1120 379 1158 Sibiria
403 1119 585 1158 orientali
615 1130 663 1156 ex
693 1120 906 1168 specimine
942 1120 1103 1158 Merckii
1144 1133 1297 1170 quoque
1332 1123 1524 1161 indicatus
1549 1125 1619 1162 sed
1643 1125 1704 1164 hic
1740 1127 1849 1166 locus

173 1179 266 1217 mihi
292 1190 477 1217 erroneus
503 1179 669 1217 videtur.

233 454 293 496 R.
335 453 657 497 cicutarius
695 451 923 508 (Schlecbt.
955 454 1092 496 Aniiu.
1134 455 1163 497 l.
1194 470 1234 512 p.
1273 456 1340 499 25.
1373 459 1456 501 tab.
1495 460 1535 510 4,
1576 463 1630 517 ¹19·
1687 462 1738 518 υ))
1779 465 1850 506 ull-

231 1303 291 1346 R.
319 1303 677 1354 malabailae‚
707 1302 922 1353 hirsutus,
953 1302 1115 1358 grumis
1143 1303 1326 1346 breviter
1352 1305 1616 1361 cylindricis,
1648 1308 1755 1351 loliis
1783 1323 1850 1351 ra·

174 1361 381 1404 dicalibus
423 1361 584 1403 ambitu
620 1360 815 1417 oblongis
852 1360 1189 1417 bipinnatiseclis
1224 1363 1453 1418 segmentis
1494 1366 1681 1408 cuneatis
1722 1367 1851 1410 ovulis

172 1420 320 1462 obtuse
348 1419 520 1472 Iobatis,
551 1420 671 1462 caule
700 1419 962 1462 divaricalim
990 1419 1064 1462 :M
1096 1420 1218 1472 floro,
1247 1422 1497 1477 pedunculis
1534 1423 1761 1467 fructiferis
1790 1425 1850 1467 vix

171 1477 433 1531 incrassatis,
471 1478 587 1535 spica
629 1478 810 1534 oblonga
846 1478 1041 1535 carpellis
1074 1479 1232 1535 glabris
1259 1480 1515 1536 punctulatis
1543 1481 1671 1525 ovatis
1700 1483 1740 1524 in
1771 1498 1855 1526 ros-

172 1544 286 1580 trum
314 1537 592 1579 lanceolatum
621 1543 770 1594 patens
797 1537 1100 1580 subcurvatuni
1128 1537 1188 1580 cis
1217 1538 1385 1581 brevius
1418 1539 1672 1582 abeuntibus
1709 1549 1767 1589 26.

233 1609 332 1646 Hab.
355 1608 394 1645 in
426 1607 561 1646 Cilicia
585 1620 707 1657 prope
733 1609 885 1658 pagum·
907 1609 1046 1646 Messis
1070 1607 1160 1661 (Ky.
1187 1621 1268 1647 exs.
1296 1605 1411 1649 1859
1434 1609 1580 1662 ,Suppr
1610 1608 1686 1650 29!
1712 1613 1781 1649 sub
1805 1612 1850 1650 R.

174 1662 392 1722 ciculario).

234 1735 402 1784 Pedalis,
429 1738 631 1782 segmenta
655 1734 809 1772 sessilia
833 1735 1142 1782 praecedentibus
1176 1736 1294 1773 multo
1321 1736 1444 1773 minus
1469 1736 1594 1773 divisa
1618 1737 1749 1774 folium
1775 1739 1851 1775 Ma-

173 1795 326 1833 labailae
350 1794 570 1832 referentia.
595 1793 713 1841 Spica
736 1792 763 1832 6
787 1794 911 1831 lineas
936 1794 1067 1843 longa.
1100 1793 1283 1843 Carpella
1309 1796 1481 1843 margine
1522 1796 1703 1834 exteriori
1730 1798 1853 1845 magis

175 1866 290 1904 quam
307 1855 345 1891 in
366 1853 414 1892 R.
442 1854 700 1903 myriophyllo
724 1866 897 1892 concava
923 1857 1049 1892 rostro
1067 1854 1247 1892 breviore
1270 1858 1307 1892 et
1330 1855 1452 1903 magis
1470 1855 1619 1902 patulo.

294 1951 314 2008 ἓ
341 1950 381 1993 2.
412 1950 553 1994 Radix
579 1965 664 1994 non
688 1965 906 2008 yrumosa.

353 2044 376 2067 ÷÷
408 2045 519 2084 Folia
545 2045 654 2083 varie
683 2045 829 2094 partita
866 2045 927 2083 vel
956 2049 1075 2083 secta.

409 2135 440 2188 †
465 2135 563 2174 Axis
592 2136 754 2174 hirsuta.

467 2241 505 2268 a.
529 2228 713 2279 Carpella
738 2230 990 2269 circumcirca
1014 2229 1187 2278 margine
1211 2228 1398 2267 carinanti
1432 2228 1609 2277 utrinque
1637 2227 1745 2264 sulco
1786 2226 1851 2263 im-

531 2301 669 2339 presso
695 2289 835 2328 cincta.

541 2387 581 2427 ><
623 2380 748 2431 Calyx
772 2381 953 2420 reflexus,

236 2501 296 2544 R.
325 2502 616 2556 palustris
645 2502 708 2558 (L.
740 2501 870 2544 herb!
902 2507 943 2542 et
967 2501 1062 2543 Mss.
1095 2513 1142 2541 ex
1170 2498 1302 2542 Smitli
1331 2498 1372 2539 in
1406 2498 1510 2540 Rees
1546 2497 1650 2553 Cycl.
1696 2510 1735 2552 p.
1777 2494 1850 2551 5⁹2)

177 2558 409 2602 rhizomate
436 2559 687 2602 brevissimo
714 2559 844 2602 fibras
870 2559 1134 2602 fasciculatas
1162 2558 1335 2609 edente,
1365 2555 1554 2598 caulibus
1592 2555 1755 2596 inferne
1784 2568 1852 2609 pe-

176 2615 374 2674 tiolisque
402 2618 543 2674 patule
571 2624 612 2660 et
638 2619 768 2661 dense
801 2617 1000 2670 hirsutis,
1030 2616 1140 2659 foliis
1177 2615 1374 2671 adpressc
1407 2613 1562 2656 villosis
1599 2611 1851 2675 radiculibus

178 2675 339 2718 ambitu
367 2675 497 2720 ovatis
525 2675 747 2733 tripartitis
779 2675 1079 2732 partitionibus
1121 2673 1266 2716 incisis
1292 2673 1525 2727 obtusoque
1554 2671 1749 2734 dentalis,
1778 2683 1851 2725 pe-

178 2732 374 2777 dunculis
400 2734 587 2787 sulcatis,
618 2735 813 2792 carpellis
840 2734 970 2777 ovatis
997 2734 1038 2776 in
1067 2739 1251 2774 rostrum
1278 2730 1537 2785 triangulare
1555 2730 1848 2770 brcwissinuun

179 2797 340 2834 rectum
367 2793 622 2836 abeuntibus
658 2801 718 2842 26.
750 2793 800 2836 R.
835 2790 1330 2846 Constantinopolitanus
1367 2788 1472 2831 Stev.
1507 2787 1563 2829 Fl.
1596 2787 1720 2850 Taur.
1754 2799 1844 2849 pag.

179 2848 234 2892 48
260 2864 346 2893 non
373 2851 469 2894 Urv.
500 2851 551 2894 R.
580 2852 847 2908 eriophyllus
873 2850 915 2893 C.
948 2851 1062 2893 Koch
1091 2849 1209 2891 Linn.
1242 2847 1343 2890 xlx.
1366 2861 1406 2903 p.
1429 2846 1505 2890 4ὕῖ
1537 2845 1586 2889 R.
1618 2843 1850 2887 orientales

175 2907 387 2964 palustris
412 2910 608 2969 apiifolio
634 2911 754 2955 caule
779 2910 1028 2954 subhirsulo
1060 2908 1213 2950 Tourn,
1247 2906 1338 2948 Cor.
