2021 3235
880 76 965 118 493

80 165 254 208 floribus
281 165 423 208 stricte
450 173 490 207 et.
523 166 707 209 breviter
739 167 1055 223 pedunculatis‚
1093 167 1280 224 squamis
1316 167 1534 224 quaternis
1567 168 1765 220 oblongis

81 223 270 279 margine
305 223 479 266 rubellis
514 224 555 266 in
590 225 809 281 cuspidem
836 225 1074 268 subillaiam
1102 226 1358 268 herbaceam
1387 226 1446 268 eis
1479 225 1764 281 zequilongam

80 281 229 339 calycis
256 281 405 324 tubum
433 290 674 339 aequantem
702 283 951 335 attenuatis,
987 284 1139 341 calycis
1166 284 1365 327 dentibus
1396 284 1639 326 lanceolatis
1666 298 1766 326 acu-

80 340 155 392 tis,
191 340 347 382 lamina
374 340 526 396 pallida
554 341 715 384 minute
743 341 1093 398 nigro—punctata
1120 342 1369 386 brevissime
1397 342 1600 398 papillosa
1627 343 1766 399 calyce

79 398 316 455 quadruplo
356 398 542 441 breviori
585 400 627 442 in
668 400 843 443 lacinias
886 407 1072 444 setaceas
1125 401 1176 444 ad
1218 400 1406 444 medium
1448 415 1583 458 usque
1624 401 1767 443 multi-

79 456 162 499 fida
197 463 257 505 26.

138 527 238 565 Hab.
265 527 314 564 ad
340 528 491 565 radices
518 530 655 567 montis
682 529 911 567 Demavend
936 530 1079 568 Persiae
1103 530 1185 569 bor.
1212 542 1334 579 prope
1357 529 1440 566 Ask
1463 530 1544 579 (Ky
1563 541 1644 568 exs.
1664 529 1765 570 361!

78 588 148 624 sub
172 586 217 624 D.
242 586 500 635 Libanotide).

136 655 314 703 Pedalis,
347 657 440 694 folia
471 656 700 694 intermedia
725 652 880 709 2-2¹s2
915 658 1077 705 pollices
1111 659 1230 707 longa
1256 657 1533 706 sesquilineam
1561 658 1646 695 basi
1670 658 1764 705 lata,

78 715 190 762 calyx
205 713 338 755 15-16
363 715 430 754 tin.
455 716 610 764 longus.
629 716 663 753 A
680 716 915 764 praecedenti
932 716 1035 755 foliis
1053 717 1356 765 flaccidioribus,
1377 728 1624 764 squamarum
1643 718 1766 755 arista

75 773 209 811 tenera
230 776 352 824 recta,
377 775 522 812 lamina
544 775 680 813 minori
706 775 926 814 distinctus.

132 935 192 978 D.
216 935 514 990 superbus
543 932 608 989 (L.
641 933 709 990 Sp.
741 932 842 988 589)
877 935 997 976 caule
1022 934 1296 978 subsolitario
1324 936 1764 996 paniculato-corym-

75 992 195 1046 boso,
237 992 346 1035 foliis
383 993 464 1034 late
500 991 924 1035 lineari-lanceolatis
960 991 1033 1035 3-5
1068 993 1225 1036 nerviis
1260 993 1421 1037 infimis
1461 996 1765 1040 obtusiusculis

75 1050 239 1094 caeteris
266 1050 534 1102 acuminatis,
578 1049 755 1093 floribus
792 1050 1092 1104 subsolitariis,
1136 1052 1326 1109 squamis
1354 1053 1550 1097 suhsenis
1578 1055 1764 1098 breviter

75 1116 115 1152 et
140 1109 317 1166 abrupte
346 1108 608 1151 mucronatis
635 1109 775 1166 calyce
804 1109 1043 1166 quadruplo
1070 1110 1356 1164 brevioribus,
1386 1112 1541 1170 calycis
1568 1113 1671 1156 tubo
1699 1128 1765 1172 cy-

74 1167 252 1210 lindrico
280 1168 475 1222 elongato
503 1166 703 1209 dentibus
730 1167 998 1218 lanceolatis,
1038 1167 1197 1212 lamina
1224 1170 1364 1226 ampla
1392 1174 1515 1213 rosea
1542 1171 1633 1214 basi
1661 1186 1764 1229 pur-

73 1226 400 1282 pureo-barbata
426 1225 468 1267 in
495 1224 669 1268 lacinias
696 1229 792 1269 area
820 1226 1003 1282 oblonga
1030 1227 1162 1270 multo
1188 1228 1404 1283 longiores
1422 1229 1634 1285 pinnatim
1658 1232 1766 1274 mul-

76 1283 190 1327 tifida
229 1291 288 1333 26.
321 1284 454 1327 Rchb.
485 1283 512 1325 f.
545 1281 675 1326 5032.

131 1354 229 1391 Hab.
257 1354 295 1391 in
320 1354 450 1392 Iberia
475 1357 512 1390 et
536 1352 710 1391 Caucaso
734 1353 911 1391 orientali
937 1350 1073 1408 (MR).
1101 1353 1189 1393 Non
1214 1355 1306 1393 vidi.

130 1420 280 1458 Forsan
314 1419 357 1457 D.
382 1419 721 1475 Monspcssulanus
751 1418 897 1458 Ledeb.
922 1420 980 1457 Fl.
1006 1421 1120 1458 Ross.
1147 1433 1183 1469 p.
1211 1419 1299 1461 286
1325 1422 1362 1458 in
1389 1421 1547 1461 Ossetia
1584 1429 1621 1461 et
1645 1424 1758 1461 Som-

75 1480 201 1518 chetia
221 1480 270 1517 ab
295 1479 521 1517 Eichwaldo
544 1479 668 1516 lectus
691 1479 766 1517 huc
790 1483 960 1530 spectat3
988 1479 1031 1517 D.
1050 1479 1414 1530 Monspessulanum
1434 1494 1482 1519 ex
1501 1483 1660 1531 Europa
1689 1496 1762 1521 oc-

75 1539 256 1577 cidentali
281 1543 428 1577 tantum
452 1538 543 1575 vidi.

130 1604 206 1645 Ar.
240 1604 399 1656 Geogr.
426 1606 582 1653 Europa
601 1605 727 1642 media
751 1608 788 1642 et
813 1606 994 1656 borealis,
1023 1606 1179 1646 Sibiria.

130 1769 189 1812 D.
218 1767 682 1823 erythrocoleus,
720 1765 971 1823 cespitosus,
1002 1768 1196 1812 caulibus
1224 1769 1425 1813 brevibus
1454 1769 1670 1826 unissoris,
1700 1773 1763 1816 fo-

72 1825 137 1869 liis
164 1824 424 1869 brevissimis
451 1831 627 1881 anguste
655 1825 890 1869 linearibus
917 1826 1220 1870 obtusiusculis
1248 1828 1548 1871 subtrinerviis
1566 1831 1764 1886 margine

73 1884 294 1937 scabridis,
324 1883 591 1927 caulinorum
619 1896 921 1940 supremorum
949 1885 1038 1928 basi
1068 1885 1296 1930 subinflata
1322 1887 1473 1942 vagina
1492 1887 1762 1944 brevissima,

71 1942 257 1999 squamis
284 1941 503 2000 quaternis
535 1941 728 1998 oblongis
761 1941 905 1985 rubris
942 1943 985 1985 in
1028 1944 1248 2001 cuspidem
1289 1945 1462 1988 brevem
1505 1946 1765 1991 herbaceam

73 2000 251 2058 abrupte
277 1999 503 2043 attenuatis
530 2001 667 2057 calyce
693 1999 819 2056 triplo
846 2000 1141 2056 brevioribus,
1182 2003 1334 2061 calycis
1376 2004 1562 2059 elongati
1597 2006 1765 2054 laevius-

73 2058 154 2101 culi
182 2058 378 2102 dentibus
404 2057 647 2101 lanceolatis
675 2058 944 2112 acuminatiS,
973 2060 1132 2104 lamina
1160 2065 1284 2105 rosea
1316 2062 1465 2118 glabra
1493 2062 1661 2112 minuta
1688 2065 1766 2108 ob-

72 2117 402 2173 longo-cuneata
426 2116 514 2159 fere
540 2116 592 2159 ad
618 2116 808 2160 medium
835 2118 879 2160 in
906 2117 1083 2162 lacinias
1110 2118 1295 2164 lineares
1323 2120 1539 2164 fimbriata
1574 2133 1630 2175 26.

128 2189 228 2227 Hab.
262 2189 300 2226 in
334 2188 530 2226 montibus
567 2189 733 2227 excelsis
764 2188 1043 2238 Agerowdagh
1076 2190 1271 2230 Armeniae
1302 2187 1485 2231 Kurdicae
1532 2190 1592 2245 (V'.
1620 2195 1711 2233 cult.
1738 2207 1758 2233 e

73 2248 285 2287 seminibus
310 2260 333 2285 a.
358 2248 406 2286 cl.
432 2246 610 2295 Kotschy
640 2248 799 2296 allatis).

132 2316 243 2353 Folia
274 2314 588 2364 semipollicaria‚
616 2316 747 2353 caules
770 2315 933 2354 floriferi
961 2317 1225 2367 bipollicares,
1260 2319 1374 2368 calyx
1400 2316 1508 2358 9-10
1531 2320 1653 2358 lineas
1685 2323 1766 2360 lon-

74 2387 158 2422 gus,
182 2374 320 2412 Facies
341 2375 385 2413 D.
406 2374 712 2413 Liboschz'tziani
734 2387 815 2414 var.
838 2375 1082 2414 multicaulis
1107 2377 1176 2415 sed
1202 2379 1334 2426 petala
1352 2379 1725 2419 fimbriata..Differt
1746 2394 1769 2418 a

72 2433 330 2483 D.plumario
346 2440 382 2472 et
393 2435 562 2473 serotino
583 2434 686 2472 foliis
710 2439 747 2472 et
773 2435 948 2473 caulibus
973 2436 1230 2484 brevissimis,
1259 2438 1432 2486 squamis
1458 2449 1536 2476 non
1561 2440 1713 2479 muticis
1732 2445 1771 2479 et

75 2494 220 2543 lamina
239 2493 397 2531 minima
419 2493 568 2541 glabra.

128 2658 187 2701 D.
204 2660 466 2713 petraeus
494 2656 581 2713 (W.
604 2657 649 2700 K.
683 2657 741 2700 Pl.
773 2671 857 2701 rar.
891 2657 1030 2714 Hung.
1058 2659 1131 2712 Ill,
1153 2659 1238 2702 tab.
1261 2658 1364 2717 222)
1394 2661 1634 2718 cespitosus
1664 2677 1769 2707 cau-

74 2714 224 2758 diculis
249 2715 649 2771 procumbentibus,
693 2715 803 2758 foliis
844 2715 1273 2761 lineari-lanceolatis
1316 2719 1507 2761 elevatim
1552 2721 1769 2765 trinerviis

75 2772 222 2829 rigidis
250 2773 450 2817 brevibus
476 2773 781 2830 pungentibus,
826 2775 945 2817 caule
988 2774 1276 2829 subunissoro,
1320 2777 1508 2833 squamis
1550 2780 1770 2836 quaternis

75 2830 205 2874 ovatis
231 2830 275 2873 in
302 2831 523 2888 cuspidem
549 2831 722 2874 brevem
748 2831 1005 2875 herbaceam
1033 2833 1218 2890 abrupte
1245 2834 1502 2879 abeuntibus
1530 2838 1671 2895 calyce
1696 2838 1770 2881 tri-
