2021 3235
900 113 985 158 283

104 204 295 262 (Boiss!)‚
323 211 467 249 Persiae
497 208 744 247 bon-orient.
784 207 834 245 ad
861 207 1041 245 Shahrud
1063 206 1299 257 (Bunge!)‚
1329 214 1367 245 et
1391 210 1509 244 austr.
1537 205 1586 243 ad
1609 204 1778 252 Ispahan

106 270 244 322 (Auch.
263 267 374 309 4101
403 267 456 307 B!
473 266 498 321 ),
521 266 754 305 Belutschiae
778 260 1005 316 (Stocksl).

159 336 205 390 β.
235 332 588 391 cryptopetalum.
619 331 759 373 Petala
786 330 923 387 calyce
942 329 1154 382 breviora,
1183 329 1390 386 appendix
1410 328 1539 370 silam.
1562 327 1779 370 minorum

103 391 454 447 longiuscoalita,
484 389 647 433 silicula
676 389 762 431 fere
791 387 939 444 major.
971 388 1024 431 A.
1046 388 1382 444 cryptopetaslum
1409 386 1551 441 Bungc
1570 386 1611 427 in
1632 386 1775 427 Lehm.

135 485 142 493 .
174 450 273 493 497.

103 464 128 507 p
160 521 259 559 Hab.
281 521 318 557 in
343 519 609 557 Turkestania
634 515 770 569 (Lehm
787 510 838 566 !).

157 674 219 716 A.
251 672 711 716 Szowitsianum
739 671 804 727 (F.
825 677 880 713 et.
910 670 962 712 M.
997 669 1085 712 lnd.
1118 669 1181 711 IV.
1215 669 1334 711 Hort.
1366 669 1553 724 Petrop.)
1581 667 1780 723 adprcssc

100 744 325 774 canescens
350 731 413 773 vel
439 730 647 785 griseum,
668 744 689 771 a
708 729 815 772 collo
842 742 1057 771 ramosum
1084 727 1214 770 ramis
1233 726 1560 770 ascendentibus
1580 725 1779 767 brevibus

101 787 380 846 simplicibus,
419 788 528 832 foliis
555 787 1016 843 oblongo-linearibus,
1061 785 1209 842 petalis
1236 784 1501 828 ochroleucis
1529 791 1703 839 anguste
1732 783 1781 824 li-

102 847 454 900 neari-cuneatis,
497 846 723 889 filamentis
766 844 1000 902 majoribus
1037 846 1101 887 ala
1134 844 1312 900 abrupte
1347 846 1561 886 attenuata
1589 842 1785 884 edentula

100 905 337 948 minoribus
365 905 596 962 appendice
622 904 739 947 brevi
767 903 951 946 breviter
977 902 1127 945 coalita
1155 902 1307 955 auctis,
1344 900 1522 944 racemis
1551 900 1783 942 fructiferis

100 963 306 1019 elongatis
332 963 517 1006 breviter
543 961 785 1021 cylindricis
813 961 978 1014 densis,
1013 960 1189 1004 siliculis
1217 974 1388 1003 sursum
1415 958 1650 1002 imbricatis
1678 958 1782 1014 lepi-

99 1021 208 1065 dotis
234 1022 365 1065 ovatis
392 1021 567 1079 integris
594 1022 700 1079 stylo
726 1020 871 1073 brevi,
914 1019 1076 1063 semine
1112 1025 1290 1075 anguste
1327 1017 1568 1073 marginato
1613 1022 1680 1068 O.
1727 1016 1778 1058 A.

98 1081 298 1124 strictum
322 1080 479 1124 C.A.M.
510 1080 662 1123 Enum.
693 1094 734 1136 p.
766 1078 848 1121 137
877 1093 962 1121 non
993 1078 1133 1121 Willd.
1163 1078 1215 1120 A.
1257 1081 1542 1133 contemptum
1568 1075 1715 1118 Schott
1743 1082 1783 1117 et

102 1139 161 1197 Ky
189 1139 291 1182 OEst.
320 1139 556 1182 Wochcnb.
588 1137 719 1191 1854,
747 1152 789 1195 p.
821 1137 927 1180 1771
1767 1181 1770 1184 .

161 1211 264 1248 Hab.
293 1211 330 1247 in
355 1211 544 1248 montosis
571 1210 702 1259 Lyciae
722 1221 847 1258 prope
865 1209 1019 1246 Elmalu
1039 1206 1264 1258 (Bourg!),
1288 1206 1420 1244 Tauro
1444 1204 1603 1244 Cilicico
1632 1204 1715 1255 (Ky
1734 1203 1778 1254 l),

103 1270 216 1319 Syria
238 1271 275 1308 in
305 1271 451 1308 Libano
470 1271 519 1308 ad
542 1270 653 1307 Edon
678 1269 799 1320 (Gaill
817 1268 872 1319 !),
901 1268 1129 1306 Antilibano
1155 1268 1204 1304 ad
1229 1267 1400 1305 Zebdani
1425 1266 1552 1315 (Boiss
1570 1263 1579 1303 Ι
1595 1264 1631 1314 ),
1658 1266 1695 1301 in
1719 1265 1782 1301 de-

102 1335 207 1368 serto
232 1331 282 1368 ad
304 1331 525 1378 Palmyram
549 1325 667 1377 (Bit),
698 1330 800 1368 circa
825 1329 978 1377 Aleppo
1004 1327 1178 1377 (Haussk
1195 1325 1236 1379 !)‚
1263 1327 1299 1363 in
1326 1326 1510 1364 Armenia
1522 1326 1571 1362 ad
1586 1323 1779 1362 Gumuch-

103 1389 231 1428 khanc'
251 1387 397 1440 (Bourg
415 1384 459 1438 l),
493 1391 622 1428 Iberia
647 1393 685 1426 et
719 1401 833 1438 prov.
855 1387 1041 1436 2Talysch
1062 1384 1273 1439 (Hoheni),
1299 1385 1436 1423 Persia
1467 1380 1779 1432 borcali(Szow!

103 1450 238 1497 Bunge
254 1449 282 1501 !)
311 1454 349 1488 et
370 1450 536 1487 australi>
555 1450 604 1487 ad
627 1447 790 1487 Dalechi
816 1445 898 1501 (Ky
926 1460 1006 1486 exs.
1042 1444 1183 1499 1851).

163 1518 197 1555 A
223 1519 354 1566 specie
384 1518 619 1565 praecedenti
655 1517 904 1564 distinguitur
933 1527 1088 1554 racemo
1121 1515 1320 1553 fructifero
1355 1513 1520 1562 longiori
1545 1522 1647 1559 saepe
1675 1510 1785 1558 polli-

105 1577 197 1628 cari,
224 1578 386 1615 siliculis
412 1577 566 1626 stylatis
592 1588 667 1614 non
690 1576 846 1624 retusis,
865 1576 1011 1613 semine
1037 1575 1267 1623 marginato.

162 1732 224 1774 A.
244 1731 523 1775 strictum
552 1729 713 1786 (Willd.
744 1729 865 1786 Spec.
898 1729 972 1782 lll,
1001 1743 1043 1785 p.
1072 1727 1158 1770 464
1184 1733 1223 1770 et
1250 1726 1355 1769 herb
1373 1726 1401 1781 Ι)
1428 1736 1673 1774 canescens,
1693 1735 1787 1763 cau-

105 1789 215 1832 libus
242 1788 483 1832 numerosis
510 1788 837 1832 ascendentibus
865 1787 1062 1839 ramosis,
1092 1784 1439 1829 foliislatiuscule
1457 1780 1787 1835 oblongo-linea-

106 1847 224 1890 ribus
252 1847 430 1901 obtusis,
465 1847 613 1904 petalis
640 1845 1095 1902 oblongo-lanceolatis
1123 1842 1405 1894 ochroleucis,
1450 1838 1674 1883 filamentis
1703 1851 1788 1902 ma-

102 1906 269 1963 joribus
295 1905 558 1962 longiuscule
586 1905 815 1948 bidentatis
844 1904 1084 1948 minoribus
1110 1903 1200 1946 basi
1234 1900 1466 1959 appendice
1500 1898 1617 1955 apice
1650 1897 1787 1939 denti-

107 1965 244 2007 culata
272 1965 423 2017 auctis,
453 1964 634 2007 racemis
661 1963 892 2006 fructiferis
918 1962 1055 2019 longis
1083 1961 1282 2004 tenuibus
1310 1957 1569 2017 cylindricis,
1614 1954 1789 1998 siliculis

108 2037 278 2066 sursum
301 2023 534 2065 imbricatis
561 2023 701 2080 patule
730 2022 853 2065 hirtis
881 2021 1012 2065 ovatis
1039 2020 1233 2076 integris,
1254 2019 1357 2076 stylo
1385 2015 1501 2059 brevi
1528 2013 1694 2065 conico,
1723 2026 1788 2054 se-

108 2081 222 2124 mine
250 2088 426 2138 anguste
453 2081 692 2137 marginato
725 2087 790 2132 (D.
837 2080 889 2123 A.
923 2080 1158 2135 confertum
1195 2079 1314 2121 Hort.
1350 2076 1486 2118 Berol.
1514 2073 1645 2116 Boiss
1677 2072 1785 2112 Ann.

107 2141 185 2183 loc.
216 2140 286 2183 cit.
317 2154 357 2197 p.
379 2139 478 2182 455,
501 2140 570 2182 Al.
592 2140 831 2182 Armenum
851 2138 1136 2195 serpyllifolio
1159 2136 1361 2193 capitulis
1379 2136 1426 2176 in
1452 2133 1612 2189 spicam
1630 2129 1789 2185 lonqis-

106 2199 262 2242 sz’mam
294 2199 495 2255 conyestis
528 2199 687 2241 Tourn.
719 2198 848 2240 herb!
879 2204 919 2240 et
946 2197 1044 2239 inde
1086 2196 1138 2238 A.
1176 2194 1455 2250 densislorum
1491 2190 1599 2233 Desf.
1636 2187 1786 2230 Coroll.

108 2257 192 2300 tab.
224 2256 280 2300 48
307 2257 423 2314 (lcon
452 2257 635 2313 pessima
663 2263 703 2299 et
730 2256 869 2313 quoad
896 2256 1022 2298 ssores
1049 2254 1223 2297 omnino
1251 2252 1427 2306 fictitia).

167 2328 266 2367 Hab.
293 2329 331 2365 in
356 2329 460 2366 arvis
484 2329 640 2366 incultis
657 2328 851 2365 Armeniae
867 2321 1101 2377 (Tournefl)
1125 2329 1163 2363 et
1180 2325 1228 2362 ad
1252 2319 1558 2362 Gumuchkhane
1583 2316 1726 2370 (Bourg
1744 2311 1788 2363 l),

108 2387 369 2436 Cappadociae
393 2388 439 2424 ad
465 2392 620 2435 segetes
646 2388 788 2425 montis
814 2385 1114 2434 Karamasdagh
1139 2389 1177 2422 et
1199 2384 1235 2420 in
1260 2383 1392 2420 Tauro
1412 2381 1570 2418 Oilicico
1590 2377 1688 2427 (Bal.
1707 2387 1788 2414 exs.

109 2448 179 2484 sub
204 2446 249 2485 A.
276 2445 576 2497 Szowitsz‘ano),
607 2447 645 2483 in
681 2446 876 2484 montibus
912 2445 1161 2493 Kassanoglu
1194 2442 1338 2480 Ciliciae
1369 2440 1551 2478 Kurdicae
1588 2435 1668 2490 (Ky
1706 2446 1788 2472 exs.

109 2504 187 2546 59!
218 2508 288 2545 sub
314 2506 358 2545 A.
382 2506 666 2552 Szowitsiano),
697 2505 820 2553 Syriae
842 2506 924 2543 bor.
952 2505 990 2541 in
1017 2514 1147 2557 monte
1172 2501 1340 2549 Akdagh
1368 2499 1509 2546 (Auch.
1536 2510 1617 2535 exs.
1640 2487 1788 2545 262l).

183 2576 216 2612 A
242 2576 373 2623 specie
397 2575 633 2623 praecedenti
657 2574 879 2611 distinctum
903 2573 1108 2610 filamentis
1134 2572 1248 2618 longe
1273 2569 1457 2613 dentatis,
1493 2565 1655 2604 racemis
1690 2563 1789 2600 fruc-

109 2634 231 2672 tiferis
257 2635 495 2672 tenuioribus
523 2634 767 2671 brevioribus
792 2643 896 2680 saepe
921 2631 1252 2679 tripollicaribus3
1282 2629 1414 2676 planta
1452 2626 1574 2674 major
1607 2635 1707 2670 saepe
1731 2633 1789 2658 sc-

109 2694 329 2742 mipedalis.

168 2831 229 2874 A.
247 2833 580 2885 campestre
607 2829 671 2885 (L.
703 2828 772 2886 Sp.
803 2827 904 2881 909)
931 2828 1119 2883 griseum
1147 2828 1211 2870 vel
1237 2827 1481 2875 flavescens,
1503 2821 1693 2865 caulibus
1712 2833 1789 2862 sae-

110 2888 205 2945 pius
232 2887 427 2945 pluribus
455 2887 799 2941 ascendentibuS,
829 2886 939 2930 foliis
965 2883 1441 2942 oblongo-lanceolatis,
1477 2880 1624 2939 petalis
1652 2877 1790 2920 bifidis
