<?xml version="1.0" encoding="UTF-8"?>
<!DOCTYPE html PUBLIC "-//W3C//DTD XHTML 1.0 Transitional//EN"
    "http://www.w3.org/TR/xhtml1/DTD/xhtml1-transitional.dtd">
<html xmlns="http://www.w3.org/1999/xhtml" xml:lang="en" lang="en">
 <head>
  <title>
</title>
<meta http-equiv="Content-Type" content="text/html;charset=utf-8" />
  <meta name='ocr-system' content='tesseract 3.04.00' />
  <meta name='ocr-capabilities' content='ocr_page ocr_carea ocr_par ocr_line ocrx_word'/>
</head>
<body>
  <div class='ocr_page' id='page_1' title='image "./floraorientaliss01bois_0794.png"; bbox 0 0 2021 3235; ppageno 0'>
   <div class='ocr_carea' id='block_1_1' title="bbox 1039 102 1124 146">
    <p class='ocr_par' dir='ltr' id='par_1_1' title="bbox 1039 102 1124 146">
     <span class='ocr_line' id='line_1_1' title="bbox 1039 102 1124 146; baseline 0.012 -1"><span class='ocrx_word' id='word_1_1' title='bbox 1039 102 1063 145; x_wconf 90' lang='lat'><strong>7</strong></span> <span class='ocrx_word' id='word_1_2' title='bbox 1067 102 1124 146; x_wconf 85' lang='lat'>50</span> 
     </span>
    </p>
   </div>
   <div class='ocr_carea' id='block_1_2' title="bbox 234 192 1927 359">
    <p class='ocr_par' dir='ltr' id='par_1_2' title="bbox 234 192 1927 359">
     <span class='ocr_line' id='line_1_2' title="bbox 234 192 1922 253; baseline -0.004 -11"><span class='ocrx_word' id='word_1_3' title='bbox 234 199 415 242; x_wconf 90' lang='lat' dir='ltr'>liberum</span> <span class='ocrx_word' id='word_1_4' title='bbox 444 197 578 241; x_wconf 91' lang='lat' dir='ltr'>ovulis</span> <span class='ocrx_word' id='word_1_5' title='bbox 612 211 659 240; x_wconf 88' lang='lat' dir='ltr'>ex</span> <span class='ocrx_word' id='word_1_6' title='bbox 687 196 804 253; x_wconf 83' lang='lat' dir='ltr'>apice</span> <span class='ocrx_word' id='word_1_7' title='bbox 831 195 1010 239; x_wconf 87' lang='lat' dir='ltr'>funiculi</span> <span class='ocrx_word' id='word_1_8' title='bbox 1036 194 1232 239; x_wconf 83' lang='lat' dir='ltr'>basilaris</span> <span class='ocrx_word' id='word_1_9' title='bbox 1273 194 1484 252; x_wconf 85' lang='lat' dir='ltr'>pendulis.</span> <span class='ocrx_word' id='word_1_10' title='bbox 1532 194 1631 252; x_wconf 80' lang='lat' dir='ltr'>Styli</span> <span class='ocrx_word' id='word_1_11' title='bbox 1666 193 1692 236; x_wconf 71' lang='lat'><strong>2</strong></span> <span class='ocrx_word' id='word_1_12' title='bbox 1719 192 1922 237; x_wconf 75' lang='lat' dir='ltr'>distincti.</span> 
     </span>
     <span class='ocr_line' id='line_1_3' title="bbox 237 252 1927 312; baseline -0.002 -12"><span class='ocrx_word' id='word_1_13' title='bbox 237 257 453 301; x_wconf 80' lang='lat' dir='ltr'>Utriculus</span> <span class='ocrx_word' id='word_1_14' title='bbox 480 255 751 299; x_wconf 87' lang='lat' dir='ltr'>indehiscens</span> <span class='ocrx_word' id='word_1_15' title='bbox 777 268 872 298; x_wconf 91' lang='lat' dir='ltr'>cum</span> <span class='ocrx_word' id='word_1_16' title='bbox 901 254 1043 312; x_wconf 83' lang='lat' dir='ltr'>calyce</span> <span class='ocrx_word' id='word_1_17' title='bbox 1070 253 1292 297; x_wconf 89' lang='lat' dir='ltr'>deciduus.</span> <span class='ocrx_word' id='word_1_18' title='bbox 1327 278 1378 286; x_wconf 91' lang='lat'>—-</span> <span class='ocrx_word' id='word_1_19' title='bbox 1407 253 1559 297; x_wconf 78' lang='lat' dir='ltr'>Herbae</span> <span class='ocrx_word' id='word_1_20' title='bbox 1588 252 1787 305; x_wconf 80' lang='lat' dir='ltr'>humiles,</span> <span class='ocrx_word' id='word_1_21' title='bbox 1816 252 1927 296; x_wconf 88' lang='lat' dir='ltr'>foliis</span> 
     </span>
     <span class='ocr_line' id='line_1_4' title="bbox 236 314 601 359; baseline -0.003 0"><span class='ocrx_word' id='word_1_22' title='bbox 236 314 601 359; x_wconf 80' lang='lat' dir='ltr'>lineari-setaceis.</span> 
     </span>
    </p>
   </div>
   <div class='ocr_carea' id='block_1_3' title="bbox 238 464 1933 953">
    <p class='ocr_par' dir='ltr' id='par_1_3' title="bbox 238 464 1933 704">
     <span class='ocr_line' id='line_1_5' title="bbox 297 464 1930 532; baseline -0.002 -18"><span class='ocrx_word' id='word_1_23' title='bbox 297 470 359 514; x_wconf 76' lang='lat' dir='ltr'>S.</span> <span class='ocrx_word' id='word_1_24' title='bbox 378 480 618 514; x_wconf 85' lang='lat' dir='ltr'>annuus</span> <span class='ocrx_word' id='word_1_25' title='bbox 652 467 716 523; x_wconf 78' lang='lat' dir='ltr'>(L.</span> <span class='ocrx_word' id='word_1_26' title='bbox 745 465 815 523; x_wconf 85' lang='lat' dir='ltr'>sp.</span> <span class='ocrx_word' id='word_1_27' title='bbox 846 464 948 514; x_wconf 72' lang='grc'>580)</span> <span class='ocrx_word' id='word_1_28' title='bbox 983 464 1227 522; x_wconf 75' lang='lat' dir='ltr'>fastigiatim</span> <span class='ocrx_word' id='word_1_29' title='bbox 1257 479 1468 519; x_wconf 87' lang='lat' dir='ltr'>ramosus,</span> <span class='ocrx_word' id='word_1_30' title='bbox 1497 467 1629 532; x_wconf 72' lang='lat' dir='ltr'>cymis</span> <span class='ocrx_word' id='word_1_31' title='bbox 1669 467 1930 525; x_wconf 86' lang='lat' dir='ltr'>corymbosis</span> 
     </span>
     <span class='ocr_line' id='line_1_6' title="bbox 239 523 1933 583; baseline -0.001 -11"><span class='ocrx_word' id='word_1_32' title='bbox 239 530 301 572; x_wconf 89' lang='lat' dir='ltr'>vel</span> <span class='ocrx_word' id='word_1_33' title='bbox 329 529 419 571; x_wconf 83' lang='lat' dir='ltr'>laxe</span> <span class='ocrx_word' id='word_1_34' title='bbox 446 525 847 570; x_wconf 84' lang='lat' dir='ltr'>fasciculisormibus</span> <span class='ocrx_word' id='word_1_35' title='bbox 864 560 873 578; x_wconf 88' lang='lat'>‚</span> <span class='ocrx_word' id='word_1_36' title='bbox 908 523 1074 568; x_wconf 88' lang='lat' dir='ltr'>laciniis</span> <span class='ocrx_word' id='word_1_37' title='bbox 1108 523 1259 582; x_wconf 81' lang='lat' dir='ltr'>calycis</span> <span class='ocrx_word' id='word_1_38' title='bbox 1297 524 1397 568; x_wconf 76' lang='lat' dir='ltr'>tubo</span> <span class='ocrx_word' id='word_1_39' title='bbox 1423 525 1674 583; x_wconf 84' lang='lat' dir='ltr'>aequilongis</span> <span class='ocrx_word' id='word_1_40' title='bbox 1701 527 1933 571; x_wconf 80' lang='lat' dir='ltr'>attenuatis.</span> 
     </span>
     <span class='ocr_line' id='line_1_7' title="bbox 238 582 1928 642; baseline -0.002 -11"><span class='ocrx_word' id='word_1_41' title='bbox 238 585 513 631; x_wconf 86' lang='lat' dir='ltr'>acutiusculis</span> <span class='ocrx_word' id='word_1_42' title='bbox 531 583 829 642; x_wconf 78' lang='lat' dir='ltr'>angustissime</span> <span class='ocrx_word' id='word_1_43' title='bbox 848 582 1464 640; x_wconf 82' lang='lat' dir='ltr'>membranaceo-marginatis,</span> <span class='ocrx_word' id='word_1_44' title='bbox 1484 584 1714 628; x_wconf 74' lang='lat' dir='ltr'>fructiferis</span> <span class='ocrx_word' id='word_1_45' title='bbox 1731 585 1928 628; x_wconf 81' lang='lat' dir='ltr'>involutis</span> 
     </span>
     <span class='ocr_line' id='line_1_8' title="bbox 239 640 1058 704; baseline -0.009 -14"><span class='ocrx_word' id='word_1_46' title='bbox 239 645 395 704; x_wconf 80' lang='lat' dir='ltr'>patulis</span> <span class='ocrx_word' id='word_1_47' title='bbox 426 650 493 697; x_wconf 75' lang='grc' dir='ltr'>Θ.</span> <span class='ocrx_word' id='word_1_48' title='bbox 524 644 580 687; x_wconf 92' lang='lat' dir='ltr'>lc.</span> <span class='ocrx_word' id='word_1_49' title='bbox 613 643 673 686; x_wconf 88' lang='lat' dir='ltr'>Fl.</span> <span class='ocrx_word' id='word_1_50' title='bbox 703 642 808 685; x_wconf 89' lang='lat' dir='ltr'>Dan.</span> <span class='ocrx_word' id='word_1_51' title='bbox 841 641 926 684; x_wconf 75' lang='lat' dir='ltr'>[ab.</span> <span class='ocrx_word' id='word_1_52' title='bbox 957 640 1058 685; x_wconf 78' lang='lat'>504.</span> 
     </span>
    </p>

    <p class='ocr_par' dir='ltr' id='par_1_4' title="bbox 238 710 1931 902">
     <span class='ocr_line' id='line_1_9' title="bbox 298 710 1931 764; baseline -0.001 -10"><span class='ocrx_word' id='word_1_53' title='bbox 298 717 399 755; x_wconf 87' lang='lat' dir='ltr'>Hah.</span> <span class='ocrx_word' id='word_1_54' title='bbox 426 716 464 753; x_wconf 90' lang='lat' dir='ltr'>in</span> <span class='ocrx_word' id='word_1_55' title='bbox 490 711 607 753; x_wconf 91' lang='lat' dir='ltr'>siccis</span> <span class='ocrx_word' id='word_1_56' title='bbox 628 714 831 761; x_wconf 83' lang='lat' dir='ltr'>montanis,</span> <span class='ocrx_word' id='word_1_57' title='bbox 851 712 1036 762; x_wconf 76' lang='lat' dir='ltr'>Bithynia</span> <span class='ocrx_word' id='word_1_58' title='bbox 1060 710 1221 763; x_wconf 82' lang='lat' dir='ltr'>(Pestal.</span> <span class='ocrx_word' id='word_1_59' title='bbox 1249 724 1297 751; x_wconf 86' lang='lat' dir='ltr'>ex</span> <span class='ocrx_word' id='word_1_60' title='bbox 1312 711 1499 763; x_wconf 84' lang='lat' dir='ltr'>Griseb.),</span> <span class='ocrx_word' id='word_1_61' title='bbox 1526 715 1575 753; x_wconf 86' lang='lat' dir='ltr'>ad</span> <span class='ocrx_word' id='word_1_62' title='bbox 1598 714 1753 753; x_wconf 84' lang='lat' dir='ltr'>radices</span> <span class='ocrx_word' id='word_1_63' title='bbox 1772 714 1931 764; x_wconf 84' lang='lat' dir='ltr'>Olympi</span> 
     </span>
     <span class='ocr_line' id='line_1_10' title="bbox 239 769 1929 829; baseline -0.003 -13"><span class='ocrx_word' id='word_1_64' title='bbox 239 773 410 829; x_wconf 88' lang='lat' dir='ltr'>(Sibth.)‚</span> <span class='ocrx_word' id='word_1_65' title='bbox 436 776 473 812; x_wconf 89' lang='lat' dir='ltr'>in</span> <span class='ocrx_word' id='word_1_66' title='bbox 492 774 746 823; x_wconf 72' lang='lat' dir='ltr'>Cappadocia</span> <span class='ocrx_word' id='word_1_67' title='bbox 769 773 824 812; x_wconf 87' lang='lat' dir='ltr'>ad</span> <span class='ocrx_word' id='word_1_68' title='bbox 848 772 1003 811; x_wconf 80' lang='lat' dir='ltr'>radices</span> <span class='ocrx_word' id='word_1_69' title='bbox 1027 772 1158 821; x_wconf 85' lang='lat' dir='ltr'>Argaei</span> <span class='ocrx_word' id='word_1_70' title='bbox 1184 769 1268 827; x_wconf 87' lang='lat' dir='ltr'>(Ky</span> <span class='ocrx_word' id='word_1_71' title='bbox 1286 771 1423 821; x_wconf 83' lang='lat' dir='ltr'>Suppl.</span> <span class='ocrx_word' id='word_1_72' title='bbox 1444 771 1596 823; x_wconf 77' lang='lat'>2161),</span> <span class='ocrx_word' id='word_1_73' title='bbox 1621 774 1660 812; x_wconf 92' lang='lat' dir='ltr'>in</span> <span class='ocrx_word' id='word_1_74' title='bbox 1678 774 1838 821; x_wconf 67' lang='lat' dir='ltr'>Tauria,</span> <span class='ocrx_word' id='word_1_75' title='bbox 1859 773 1929 811; x_wconf 89' lang='lat' dir='ltr'>Ar-</span> 
     </span>
     <span class='ocr_line' id='line_1_11' title="bbox 238 830 1238 902; baseline -0.006 -26"><span class='ocrx_word' id='word_1_76' title='bbox 238 837 430 902; x_wconf 44' lang='lat' dir='ltr'>meniabet</span> <span class='ocrx_word' id='word_1_77' title='bbox 451 847 561 883; x_wconf 71' lang='grc' dir='ltr'>[πον.</span> <span class='ocrx_word' id='word_1_78' title='bbox 588 833 814 873; x_wconf 81' lang='lat' dir='ltr'>Caucasicis</span> <span class='ocrx_word' id='word_1_79' title='bbox 839 830 1039 885; x_wconf 61' lang='lat' dir='ltr'>(Laden).</span> <span class='ocrx_word' id='word_1_80' title='bbox 1067 832 1126 871; x_wconf 75' lang='lat' dir='ltr'>Fi.</span> <span class='ocrx_word' id='word_1_81' title='bbox 1152 836 1238 871; x_wconf 87' lang='lat' dir='ltr'>aest.</span> 
     </span>
    </p>

    <p class='ocr_par' dir='ltr' id='par_1_5' title="bbox 296 900 1808 953">
     <span class='ocr_line' id='line_1_12' title="bbox 296 900 1808 953; baseline -0.002 -11"><span class='ocrx_word' id='word_1_82' title='bbox 296 903 372 942; x_wconf 76' lang='lat' dir='ltr'>Ar.</span> <span class='ocrx_word' id='word_1_83' title='bbox 405 901 568 953; x_wconf 81' lang='lat' dir='ltr'>Geogr.</span> <span class='ocrx_word' id='word_1_84' title='bbox 602 902 774 951; x_wconf 86' lang='lat' dir='ltr'>Europa,</span> <span class='ocrx_word' id='word_1_85' title='bbox 799 901 936 939; x_wconf 87' lang='lat' dir='ltr'>Africa</span> <span class='ocrx_word' id='word_1_86' title='bbox 960 901 1145 948; x_wconf 88' lang='lat' dir='ltr'>borealis,</span> <span class='ocrx_word' id='word_1_87' title='bbox 1172 900 1397 950; x_wconf 81' lang='lat' dir='ltr'>Abyssinia,</span> <span class='ocrx_word' id='word_1_88' title='bbox 1425 900 1569 939; x_wconf 87' lang='lat' dir='ltr'>Sibiria</span> <span class='ocrx_word' id='word_1_89' title='bbox 1594 900 1808 940; x_wconf 87' lang='lat' dir='ltr'>Uralensis.</span> 
     </span>
    </p>
   </div>
   <div class='ocr_carea' id='block_1_4' title="bbox 238 1045 1936 1585">
    <p class='ocr_par' dir='ltr' id='par_1_6' title="bbox 238 1045 1934 1341">
     <span class='ocr_line' id='line_1_13' title="bbox 296 1045 1933 1105; baseline -0.002 -10"><span class='ocrx_word' id='word_1_90' title='bbox 296 1050 348 1095; x_wconf 76' lang='lat' dir='ltr'>S.</span> <span class='ocrx_word' id='word_1_91' title='bbox 375 1049 774 1094; x_wconf 79' lang='lat' dir='ltr'>verticillatus</span> <span class='ocrx_word' id='word_1_92' title='bbox 812 1047 996 1103; x_wconf 88' lang='lat' dir='ltr'>(Tausch</span> <span class='ocrx_word' id='word_1_93' title='bbox 1031 1046 1091 1089; x_wconf 82' lang='lat' dir='ltr'>Fl.</span> <span class='ocrx_word' id='word_1_94' title='bbox 1133 1045 1272 1099; x_wconf 66' lang='lat'><strong>1829,</strong></span> <span class='ocrx_word' id='word_1_95' title='bbox 1302 1046 1496 1103; x_wconf 84' lang='lat' dir='ltr'>Ergaenz.</span> <span class='ocrx_word' id='word_1_96' title='bbox 1537 1061 1578 1104; x_wconf 89' lang='lat' dir='ltr'>p.</span> <span class='ocrx_word' id='word_1_97' title='bbox 1610 1045 1712 1105; x_wconf 86' lang='grc'>50),</span> <span class='ocrx_word' id='word_1_98' title='bbox 1755 1047 1933 1091; x_wconf 85' lang='lat' dir='ltr'>floribus</span> 
     </span>
     <span class='ocr_line' id='line_1_14' title="bbox 238 1105 1934 1167; baseline -0.002 -15"><span class='ocrx_word' id='word_1_99' title='bbox 238 1109 379 1167; x_wconf 86' lang='lat' dir='ltr'>parvis</span> <span class='ocrx_word' id='word_1_100' title='bbox 407 1108 450 1150; x_wconf 92' lang='lat' dir='ltr'>in</span> <span class='ocrx_word' id='word_1_101' title='bbox 479 1106 612 1150; x_wconf 85' lang='lat' dir='ltr'>axillis</span> <span class='ocrx_word' id='word_1_102' title='bbox 639 1105 1136 1164; x_wconf 77' lang='lat' dir='ltr'>cymuloso-fasciculalis</span> <span class='ocrx_word' id='word_1_103' title='bbox 1170 1119 1354 1163; x_wconf 83' lang='lat' dir='ltr'>superne</span> <span class='ocrx_word' id='word_1_104' title='bbox 1380 1106 1667 1163; x_wconf 85' lang='lat' dir='ltr'>corymbosis,</span> <span class='ocrx_word' id='word_1_105' title='bbox 1697 1106 1847 1164; x_wconf 78' lang='lat' dir='ltr'>calycis</span> <span class='ocrx_word' id='word_1_106' title='bbox 1874 1107 1934 1149; x_wconf 88' lang='lat' dir='ltr'>la-</span> 
     </span>
     <span class='ocr_line' id='line_1_15' title="bbox 239 1164 1933 1221; baseline -0.003 -9"><span class='ocrx_word' id='word_1_107' title='bbox 239 1168 363 1213; x_wconf 89' lang='lat' dir='ltr'>ciniis</span> <span class='ocrx_word' id='word_1_108' title='bbox 391 1167 492 1209; x_wconf 78' lang='lat' dir='ltr'>tubo</span> <span class='ocrx_word' id='word_1_109' title='bbox 529 1164 876 1221; x_wconf 88' lang='lat' dir='ltr'>sublongioribus</span> <span class='ocrx_word' id='word_1_110' title='bbox 910 1164 1137 1207; x_wconf 78' lang='lat' dir='ltr'>attenuatis</span> <span class='ocrx_word' id='word_1_111' title='bbox 1172 1164 1446 1208; x_wconf 87' lang='lat' dir='ltr'>acutiusculis</span> <span class='ocrx_word' id='word_1_112' title='bbox 1473 1164 1772 1221; x_wconf 80' lang='lat' dir='ltr'>angustissime</span> <span class='ocrx_word' id='word_1_113' title='bbox 1800 1179 1933 1208; x_wconf 92' lang='lat' dir='ltr'>mem-</span> 
     </span>
     <span class='ocr_line' id='line_1_16' title="bbox 239 1222 1930 1280; baseline -0.003 -9"><span class='ocrx_word' id='word_1_114' title='bbox 239 1225 462 1271; x_wconf 83' lang='lat' dir='ltr'>branaceis</span> <span class='ocrx_word' id='word_1_115' title='bbox 489 1224 721 1268; x_wconf 79' lang='lat' dir='ltr'>fructiferis</span> <span class='ocrx_word' id='word_1_116' title='bbox 748 1222 947 1267; x_wconf 80' lang='lat' dir='ltr'>involutis</span> <span class='ocrx_word' id='word_1_117' title='bbox 975 1222 1210 1280; x_wconf 80' lang='lat' dir='ltr'>subpatulis</span> <span class='ocrx_word' id='word_1_118' title='bbox 1242 1229 1308 1275; x_wconf 75' lang='grc' dir='ltr'>Θ.</span> <span class='ocrx_word' id='word_1_119' title='bbox 1341 1223 1386 1267; x_wconf 89' lang='lat' dir='ltr'>S.</span> <span class='ocrx_word' id='word_1_120' title='bbox 1404 1224 1662 1280; x_wconf 76' lang='lat' dir='ltr'>polycarpus</span> <span class='ocrx_word' id='word_1_121' title='bbox 1691 1223 1840 1267; x_wconf 90' lang='lat' dir='ltr'>Prodr.</span> <span class='ocrx_word' id='word_1_122' title='bbox 1871 1223 1930 1266; x_wconf 87' lang='lat' dir='ltr'>Fl.</span> 
     </span>
     <span class='ocr_line' id='line_1_17' title="bbox 238 1281 1337 1341; baseline -0.005 -12"><span class='ocrx_word' id='word_1_123' title='bbox 238 1286 310 1330; x_wconf 85' lang='lat' dir='ltr'>Gr.</span> <span class='ocrx_word' id='word_1_124' title='bbox 343 1293 383 1329; x_wconf 82' lang='lat' dir='ltr'>et</span> <span class='ocrx_word' id='word_1_125' title='bbox 409 1284 622 1341; x_wconf 82' lang='lat' dir='ltr'>C.A.Mey.</span> <span class='ocrx_word' id='word_1_126' title='bbox 654 1283 805 1325; x_wconf 75' lang='lat' dir='ltr'>hnum.</span> <span class='ocrx_word' id='word_1_127' title='bbox 837 1281 963 1324; x_wconf 83' lang='lat' dir='ltr'>Cauc.</span> <span class='ocrx_word' id='word_1_128' title='bbox 995 1295 1037 1339; x_wconf 92' lang='lat' dir='ltr'>p.</span> <span class='ocrx_word' id='word_1_129' title='bbox 1069 1281 1147 1325; x_wconf 64' lang='lat'>231</span> <span class='ocrx_word' id='word_1_130' title='bbox 1181 1295 1266 1325; x_wconf 91' lang='lat' dir='ltr'>non</span> <span class='ocrx_word' id='word_1_131' title='bbox 1290 1281 1337 1324; x_wconf 90' lang='lat' dir='ltr'>L.</span> 
     </span>
    </p>

    <p class='ocr_par' dir='ltr' id='par_1_7' title="bbox 242 1349 1936 1585">
     <span class='ocr_line' id='line_1_18' title="bbox 299 1349 1936 1403; baseline -0.003 -7"><span class='ocrx_word' id='word_1_132' title='bbox 299 1358 400 1396; x_wconf 89' lang='lat' dir='ltr'>Hah.</span> <span class='ocrx_word' id='word_1_133' title='bbox 427 1357 464 1394; x_wconf 93' lang='lat' dir='ltr'>in</span> <span class='ocrx_word' id='word_1_134' title='bbox 490 1355 606 1394; x_wconf 88' lang='lat' dir='ltr'>siccis</span> <span class='ocrx_word' id='word_1_135' title='bbox 629 1354 844 1403; x_wconf 80' lang='lat' dir='ltr'>praesertim</span> <span class='ocrx_word' id='word_1_136' title='bbox 871 1354 1077 1403; x_wconf 78' lang='lat' dir='ltr'>montanis,</span> <span class='ocrx_word' id='word_1_137' title='bbox 1103 1351 1255 1392; x_wconf 84' lang='lat' dir='ltr'>Graeeia</span> <span class='ocrx_word' id='word_1_138' title='bbox 1279 1353 1318 1391; x_wconf 91' lang='lat' dir='ltr'>in</span> <span class='ocrx_word' id='word_1_139' title='bbox 1342 1357 1471 1391; x_wconf 89' lang='lat' dir='ltr'>monte</span> <span class='ocrx_word' id='word_1_140' title='bbox 1495 1353 1643 1391; x_wconf 85' lang='lat' dir='ltr'>Parnes</span> <span class='ocrx_word' id='word_1_141' title='bbox 1667 1353 1773 1401; x_wconf 87' lang='lat' dir='ltr'>(Sart</span> <span class='ocrx_word' id='word_1_142' title='bbox 1788 1349 1818 1403; x_wconf 88' lang='lat'>!)</span> <span class='ocrx_word' id='word_1_143' title='bbox 1843 1354 1936 1392; x_wconf 82' lang='lat' dir='ltr'>etin</span> 
     </span>
     <span class='ocr_line' id='line_1_19' title="bbox 243 1409 1935 1466; baseline -0.004 -9"><span class='ocrx_word' id='word_1_144' title='bbox 243 1417 395 1457; x_wconf 68' lang='lat' dir='ltr'>AEtolia</span> <span class='ocrx_word' id='word_1_145' title='bbox 419 1415 564 1466; x_wconf 86' lang='lat' dir='ltr'>(Sprun</span> <span class='ocrx_word' id='word_1_146' title='bbox 582 1412 623 1464; x_wconf 84' lang='lat' dir='ltr'>l),</span> <span class='ocrx_word' id='word_1_147' title='bbox 648 1414 830 1451; x_wconf 83' lang='lat' dir='ltr'>Anatolia</span> <span class='ocrx_word' id='word_1_148' title='bbox 858 1413 895 1450; x_wconf 92' lang='lat' dir='ltr'>in</span> <span class='ocrx_word' id='word_1_149' title='bbox 921 1413 1065 1461; x_wconf 83' lang='lat' dir='ltr'>pinetis</span> <span class='ocrx_word' id='word_1_150' title='bbox 1089 1413 1231 1452; x_wconf 84' lang='lat' dir='ltr'>montis</span> <span class='ocrx_word' id='word_1_151' title='bbox 1251 1412 1411 1462; x_wconf 83' lang='lat' dir='ltr'>Solyma</span> <span class='ocrx_word' id='word_1_152' title='bbox 1433 1413 1567 1462; x_wconf 80' lang='lat' dir='ltr'>Lyciae</span> <span class='ocrx_word' id='word_1_153' title='bbox 1591 1413 1730 1463; x_wconf 91' lang='lat' dir='ltr'>(Heldr</span> <span class='ocrx_word' id='word_1_154' title='bbox 1745 1409 1794 1463; x_wconf 79' lang='lat' dir='ltr'>l),</span> <span class='ocrx_word' id='word_1_155' title='bbox 1819 1413 1856 1450; x_wconf 88' lang='lat' dir='ltr'>in</span> <span class='ocrx_word' id='word_1_156' title='bbox 1875 1411 1935 1451; x_wconf 83' lang='lat' dir='ltr'>Oi-</span> 
     </span>
     <span class='ocr_line' id='line_1_20' title="bbox 242 1468 1934 1528; baseline -0.003 -11"><span class='ocrx_word' id='word_1_157' title='bbox 242 1478 333 1517; x_wconf 74' lang='lat' dir='ltr'>licia</span> <span class='ocrx_word' id='word_1_158' title='bbox 370 1476 549 1514; x_wconf 76' lang='lat' dir='ltr'>Kurdica</span> <span class='ocrx_word' id='word_1_159' title='bbox 583 1472 667 1528; x_wconf 81' lang='lat' dir='ltr'>(Ky</span> <span class='ocrx_word' id='word_1_160' title='bbox 690 1468 825 1522; x_wconf 87' lang='lat' dir='ltr'>Suppl.</span> <span class='ocrx_word' id='word_1_161' title='bbox 853 1468 932 1512; x_wconf 83' lang='lat'>75!</span> <span class='ocrx_word' id='word_1_162' title='bbox 951 1472 990 1524; x_wconf 89' lang='lat'>)‚</span> <span class='ocrx_word' id='word_1_163' title='bbox 1028 1472 1142 1522; x_wconf 89' lang='lat' dir='ltr'>Syria</span> <span class='ocrx_word' id='word_1_164' title='bbox 1174 1473 1275 1511; x_wconf 86' lang='lat' dir='ltr'>inter</span> <span class='ocrx_word' id='word_1_165' title='bbox 1304 1472 1458 1522; x_wconf 89' lang='lat' dir='ltr'>Aleppo</span> <span class='ocrx_word' id='word_1_166' title='bbox 1495 1476 1532 1511; x_wconf 86' lang='lat' dir='ltr'>et</span> <span class='ocrx_word' id='word_1_167' title='bbox 1557 1473 1701 1512; x_wconf 87' lang='lat' dir='ltr'>Aintab</span> <span class='ocrx_word' id='word_1_168' title='bbox 1727 1472 1872 1523; x_wconf 89' lang='lat' dir='ltr'>(Heldr</span> <span class='ocrx_word' id='word_1_169' title='bbox 1890 1469 1934 1523; x_wconf 81' lang='lat' dir='ltr'>l),</span> 
     </span>
     <span class='ocr_line' id='line_1_21' title="bbox 243 1529 1102 1585; baseline -0.006 -9"><span class='ocrx_word' id='word_1_170' title='bbox 243 1536 420 1585; x_wconf 81' lang='lat' dir='ltr'>Georgia</span> <span class='ocrx_word' id='word_1_171' title='bbox 447 1534 662 1573; x_wconf 82' lang='lat' dir='ltr'>Caucasica</span> <span class='ocrx_word' id='word_1_172' title='bbox 685 1532 841 1584; x_wconf 89' lang='lat' dir='ltr'>(Hohen</span> <span class='ocrx_word' id='word_1_173' title='bbox 861 1529 906 1584; x_wconf 76' lang='lat' dir='ltr'>l).</span> <span class='ocrx_word' id='word_1_174' title='bbox 932 1532 991 1570; x_wconf 84' lang='lat' dir='ltr'>Fl.</span> <span class='ocrx_word' id='word_1_175' title='bbox 1016 1536 1102 1571; x_wconf 83' lang='lat' dir='ltr'>aest.</span> 
     </span>
    </p>
   </div>
   <div class='ocr_carea' id='block_1_5' title="bbox 245 1599 1938 1771">
    <p class='ocr_par' dir='ltr' id='par_1_8' title="bbox 245 1599 1938 1771">
     <span class='ocr_line' id='line_1_22' title="bbox 304 1599 1936 1650; baseline -0.003 -6"><span class='ocrx_word' id='word_1_176' title='bbox 304 1605 338 1644; x_wconf 92' lang='lat' dir='ltr'><strong>A</strong></span> <span class='ocrx_word' id='word_1_177' title='bbox 361 1604 556 1643; x_wconf 83' lang='lat' dir='ltr'>nonnullis</span> <span class='ocrx_word' id='word_1_178' title='bbox 581 1602 776 1642; x_wconf 77' lang='lat' dir='ltr'>botanicis</span> <span class='ocrx_word' id='word_1_179' title='bbox 802 1613 873 1650; x_wconf 88' lang='lat' dir='ltr'>pro</span> <span class='ocrx_word' id='word_1_180' title='bbox 898 1601 1088 1640; x_wconf 83' lang='lat' dir='ltr'>varietate</span> <span class='ocrx_word' id='word_1_181' title='bbox 1120 1600 1377 1649; x_wconf 69' lang='lat' dir='ltr'>praecedentis</span> <span class='ocrx_word' id='word_1_182' title='bbox 1413 1599 1591 1650; x_wconf 82' lang='lat' dir='ltr'>habitus,</span> <span class='ocrx_word' id='word_1_183' title='bbox 1625 1600 1742 1639; x_wconf 76' lang='lat' dir='ltr'>floreo</span> <span class='ocrx_word' id='word_1_184' title='bbox 1779 1599 1936 1639; x_wconf 88' lang='lat' dir='ltr'>dimidio</span> 
     </span>
     <span class='ocr_line' id='line_1_23' title="bbox 245 1659 1938 1713; baseline -0.004 -10"><span class='ocrx_word' id='word_1_185' title='bbox 245 1666 427 1704; x_wconf 87' lang='lat' dir='ltr'>minores.</span> <span class='ocrx_word' id='word_1_186' title='bbox 455 1686 509 1692; x_wconf 89' lang='lat'>—</span> <span class='ocrx_word' id='word_1_187' title='bbox 543 1660 586 1702; x_wconf 89' lang='lat' dir='ltr'>S.</span> <span class='ocrx_word' id='word_1_188' title='bbox 616 1663 850 1713; x_wconf 75' lang='lat' dir='ltr'>polycarpus</span> <span class='ocrx_word' id='word_1_189' title='bbox 873 1661 904 1698; x_wconf 90' lang='lat' dir='ltr'>L</span> <span class='ocrx_word' id='word_1_190' title='bbox 927 1674 988 1698; x_wconf 87' lang='lat'><strong><em>=</em></strong></span> <span class='ocrx_word' id='word_1_191' title='bbox 1009 1659 1052 1700; x_wconf 89' lang='lat' dir='ltr'>S.</span> <span class='ocrx_word' id='word_1_192' title='bbox 1084 1660 1228 1700; x_wconf 81' lang='lat' dir='ltr'>Delorti</span> <span class='ocrx_word' id='word_1_193' title='bbox 1259 1659 1378 1699; x_wconf 86' lang='lat' dir='ltr'>Gren.</span> <span class='ocrx_word' id='word_1_194' title='bbox 1413 1660 1574 1698; x_wconf 90' lang='lat' dir='ltr'>floribus</span> <span class='ocrx_word' id='word_1_195' title='bbox 1598 1659 1756 1698; x_wconf 89' lang='lat' dir='ltr'>minutis</span> <span class='ocrx_word' id='word_1_196' title='bbox 1781 1670 1938 1709; x_wconf 87' lang='lat' dir='ltr'>quoque</span> 
     </span>
     <span class='ocr_line' id='line_1_24' title="bbox 245 1720 1503 1771; baseline -0.005 -8"><span class='ocrx_word' id='word_1_197' title='bbox 245 1726 411 1764; x_wconf 75' lang='lat' dir='ltr'>donatus</span> <span class='ocrx_word' id='word_1_198' title='bbox 437 1724 565 1761; x_wconf 87' lang='lat' dir='ltr'>differt</span> <span class='ocrx_word' id='word_1_199' title='bbox 587 1723 734 1771; x_wconf 84' lang='lat' dir='ltr'>calycis</span> <span class='ocrx_word' id='word_1_200' title='bbox 757 1721 910 1761; x_wconf 84' lang='lat' dir='ltr'>laciniis</span> <span class='ocrx_word' id='word_1_201' title='bbox 937 1721 1054 1760; x_wconf 83' lang='lat' dir='ltr'>rectis</span> <span class='ocrx_word' id='word_1_202' title='bbox 1079 1733 1156 1759; x_wconf 90' lang='lat' dir='ltr'>non</span> <span class='ocrx_word' id='word_1_203' title='bbox 1181 1720 1503 1759; x_wconf 81' lang='lat' dir='ltr'>membranaceis,</span> 
     </span>
    </p>
   </div>
   <div class='ocr_carea' id='block_1_6' title="bbox 304 1787 1199 1841">
    <p class='ocr_par' dir='ltr' id='par_1_9' title="bbox 304 1787 1199 1841">
     <span class='ocr_line' id='line_1_25' title="bbox 304 1787 1199 1841; baseline -0.006 -11"><span class='ocrx_word' id='word_1_204' title='bbox 304 1790 378 1830; x_wconf 82' lang='lat' dir='ltr'>Ar.</span> <span class='ocrx_word' id='word_1_205' title='bbox 410 1795 570 1841; x_wconf 75' lang='lat' dir='ltr'>Geogr.</span> <span class='ocrx_word' id='word_1_206' title='bbox 604 1790 763 1839; x_wconf 86' lang='lat' dir='ltr'>Europa</span> <span class='ocrx_word' id='word_1_207' title='bbox 788 1789 918 1827; x_wconf 91' lang='lat' dir='ltr'>media</span> <span class='ocrx_word' id='word_1_208' title='bbox 940 1791 979 1826; x_wconf 85' lang='lat' dir='ltr'>et</span> <span class='ocrx_word' id='word_1_209' title='bbox 1002 1787 1199 1826; x_wconf 87' lang='lat' dir='ltr'>australis.</span> 
     </span>
    </p>
   </div>
   <div class='ocr_carea' id='block_1_7' title="bbox 244 1943 1941 2491">
    <p class='ocr_par' dir='ltr' id='par_1_10' title="bbox 246 1943 1939 2184">
     <span class='ocr_line' id='line_1_26' title="bbox 304 1943 1939 2007; baseline -0.009 -6"><span class='ocrx_word' id='word_1_210' title='bbox 304 1955 356 2001; x_wconf 87' lang='lat' dir='ltr'>S.</span> <span class='ocrx_word' id='word_1_211' title='bbox 383 1952 707 1999; x_wconf 81' lang='lat' dir='ltr'>uncinatus</span> <span class='ocrx_word' id='word_1_212' title='bbox 745 1948 901 2007; x_wconf 88' lang='lat' dir='ltr'>(Schur</span> <span class='ocrx_word' id='word_1_213' title='bbox 938 1947 981 1991; x_wconf 92' lang='lat' dir='ltr'>in</span> <span class='ocrx_word' id='word_1_214' title='bbox 1007 1947 1239 1992; x_wconf 86' lang='lat' dir='ltr'>Verhandl.</span> <span class='ocrx_word' id='word_1_215' title='bbox 1269 1945 1469 1990; x_wconf 87' lang='lat' dir='ltr'>Siebenb.</span> <span class='ocrx_word' id='word_1_216' title='bbox 1501 1944 1641 1999; x_wconf 80' lang='lat'><strong>1850,</strong></span> <span class='ocrx_word' id='word_1_217' title='bbox 1680 1959 1722 2002; x_wconf 91' lang='lat' dir='ltr'>p.</span> <span class='ocrx_word' id='word_1_218' title='bbox 1753 1943 1852 1988; x_wconf 93' lang='grc'>107.</span> <span class='ocrx_word' id='word_1_219' title='bbox 1881 1971 1939 1976; x_wconf 83' lang='grc'><strong>-</strong></span> 
     </span>
     <span class='ocr_line' id='line_1_27' title="bbox 246 2004 1938 2066; baseline -0.007 -7"><span class='ocrx_word' id='word_1_220' title='bbox 246 2013 413 2060; x_wconf 87' lang='lat' dir='ltr'>Griseb.</span> <span class='ocrx_word' id='word_1_221' title='bbox 444 2012 494 2055; x_wconf 88' lang='lat' dir='ltr'>It.</span> <span class='ocrx_word' id='word_1_222' title='bbox 524 2009 666 2066; x_wconf 86' lang='lat' dir='ltr'>Hung.</span> <span class='ocrx_word' id='word_1_223' title='bbox 696 2022 736 2066; x_wconf 89' lang='lat' dir='ltr'>p.</span> <span class='ocrx_word' id='word_1_224' title='bbox 767 2006 871 2065; x_wconf 76' lang='lat'>306)</span> <span class='ocrx_word' id='word_1_225' title='bbox 901 2006 1030 2065; x_wconf 86' lang='lat' dir='ltr'>cymis</span> <span class='ocrx_word' id='word_1_226' title='bbox 1057 2005 1275 2050; x_wconf 85' lang='lat' dir='ltr'>sessilibus</span> <span class='ocrx_word' id='word_1_227' title='bbox 1304 2005 1548 2048; x_wconf 87' lang='lat' dir='ltr'>axillaribus</span> <span class='ocrx_word' id='word_1_228' title='bbox 1565 2004 1938 2061; x_wconf 81' lang='lat' dir='ltr'>glomerato-fasci-</span> 
     </span>
     <span class='ocr_line' id='line_1_28' title="bbox 247 2061 1937 2128; baseline -0.007 -11"><span class='ocrx_word' id='word_1_229' title='bbox 247 2072 414 2125; x_wconf 80' lang='lat' dir='ltr'>culatis,</span> <span class='ocrx_word' id='word_1_230' title='bbox 444 2068 595 2128; x_wconf 87' lang='lat' dir='ltr'>calycis</span> <span class='ocrx_word' id='word_1_231' title='bbox 621 2067 787 2111; x_wconf 87' lang='lat' dir='ltr'>laciniis</span> <span class='ocrx_word' id='word_1_232' title='bbox 812 2067 915 2111; x_wconf 81' lang='lat' dir='ltr'>tubo</span> <span class='ocrx_word' id='word_1_233' title='bbox 943 2065 1121 2109; x_wconf 91' lang='lat' dir='ltr'>dimidio</span> <span class='ocrx_word' id='word_1_234' title='bbox 1148 2063 1416 2108; x_wconf 88' lang='lat' dir='ltr'>brevioribus</span> <span class='ocrx_word' id='word_1_235' title='bbox 1443 2070 1621 2120; x_wconf 83' lang='lat' dir='ltr'>anguste</span> <span class='ocrx_word' id='word_1_236' title='bbox 1639 2061 1837 2106; x_wconf 83' lang='lat' dir='ltr'>scariosis</span> <span class='ocrx_word' id='word_1_237' title='bbox 1863 2063 1937 2106; x_wconf 92' lang='lat' dir='ltr'>de·-</span> 
     </span>
     <span class='ocr_line' id='line_1_29' title="bbox 247 2122 1605 2184; baseline -0.008 -8"><span class='ocrx_word' id='word_1_238' title='bbox 247 2146 366 2176; x_wconf 92' lang='lat' dir='ltr'>mum</span> <span class='ocrx_word' id='word_1_239' title='bbox 391 2127 591 2173; x_wconf 82' lang='lat' dir='ltr'>involutis</span> <span class='ocrx_word' id='word_1_240' title='bbox 619 2126 737 2184; x_wconf 87' lang='lat' dir='ltr'>apice</span> <span class='ocrx_word' id='word_1_241' title='bbox 764 2125 1002 2169; x_wconf 78' lang='lat' dir='ltr'>uncinatim</span> <span class='ocrx_word' id='word_1_242' title='bbox 1029 2123 1216 2168; x_wconf 87' lang='lat' dir='ltr'>incurvis</span> <span class='ocrx_word' id='word_1_243' title='bbox 1243 2122 1506 2167; x_wconf 82' lang='lat' dir='ltr'>mucronatis</span> <span class='ocrx_word' id='word_1_244' title='bbox 1538 2128 1605 2174; x_wconf 74' lang='grc' dir='ltr'>Θ.</span> 
     </span>
    </p>

    <p class='ocr_par' dir='ltr' id='par_1_11' title="bbox 244 2187 1941 2432">
     <span class='ocr_line' id='line_1_30' title="bbox 304 2187 1939 2246; baseline -0.006 -7"><span class='ocrx_word' id='word_1_245' title='bbox 304 2202 406 2240; x_wconf 86' lang='lat' dir='ltr'>Hab.</span> <span class='ocrx_word' id='word_1_246' title='bbox 432 2200 470 2237; x_wconf 91' lang='lat' dir='ltr'>in</span> <span class='ocrx_word' id='word_1_247' title='bbox 494 2196 712 2246; x_wconf 87' lang='lat' dir='ltr'>subalpinis</span> <span class='ocrx_word' id='word_1_248' title='bbox 737 2199 775 2234; x_wconf 88' lang='lat' dir='ltr'>et</span> <span class='ocrx_word' id='word_1_249' title='bbox 795 2194 962 2245; x_wconf 83' lang='lat' dir='ltr'>alpinis,</span> <span class='ocrx_word' id='word_1_250' title='bbox 998 2205 1108 2233; x_wconf 85' lang='lat' dir='ltr'>mons</span> <span class='ocrx_word' id='word_1_251' title='bbox 1132 2193 1297 2241; x_wconf 86' lang='lat' dir='ltr'>Argaeus</span> <span class='ocrx_word' id='word_1_252' title='bbox 1322 2192 1585 2241; x_wconf 75' lang='lat' dir='ltr'>Cappadociae</span> <span class='ocrx_word' id='word_1_253' title='bbox 1610 2187 1758 2246; x_wconf 82' lang='lat' dir='ltr'>(Ball),</span> <span class='ocrx_word' id='word_1_254' title='bbox 1783 2190 1939 2229; x_wconf 87' lang='lat' dir='ltr'>Taurus</span> 
     </span>
     <span class='ocr_line' id='line_1_31' title="bbox 246 2249 1941 2307; baseline -0.008 -6"><span class='ocrx_word' id='word_1_255' title='bbox 246 2262 428 2302; x_wconf 86' lang='lat' dir='ltr'>Cilicicus</span> <span class='ocrx_word' id='word_1_256' title='bbox 451 2258 545 2307; x_wconf 83' lang='lat' dir='ltr'>(Ky</span> <span class='ocrx_word' id='word_1_257' title='bbox 571 2268 655 2294; x_wconf 86' lang='lat' dir='ltr'>exs.</span> <span class='ocrx_word' id='word_1_258' title='bbox 689 2253 771 2296; x_wconf 81' lang='lat'>55!</span> <span class='ocrx_word' id='word_1_259' title='bbox 816 2253 967 2305; x_wconf 78' lang='lat' dir='ltr'>Ball),</span> <span class='ocrx_word' id='word_1_260' title='bbox 1001 2257 1153 2301; x_wconf 89' lang='lat' dir='ltr'>montes</span> <span class='ocrx_word' id='word_1_261' title='bbox 1187 2253 1304 2292; x_wconf 86' lang='lat' dir='ltr'>Ponti</span> <span class='ocrx_word' id='word_1_262' title='bbox 1328 2249 1531 2303; x_wconf 80' lang='lat' dir='ltr'>(Tehihl)</span> <span class='ocrx_word' id='word_1_263' title='bbox 1559 2255 1598 2290; x_wconf 80' lang='lat' dir='ltr'>et</span> <span class='ocrx_word' id='word_1_264' title='bbox 1619 2250 1813 2289; x_wconf 87' lang='lat' dir='ltr'>Armeniae</span> <span class='ocrx_word' id='word_1_265' title='bbox 1836 2250 1941 2290; x_wconf 89' lang='lat' dir='ltr'>circa</span> 
     </span>
     <span class='ocr_line' id='line_1_32' title="bbox 244 2309 1940 2372; baseline -0.008 -11"><span class='ocrx_word' id='word_1_266' title='bbox 244 2322 349 2372; x_wconf 84' lang='lat' dir='ltr'>Ispir</span> <span class='ocrx_word' id='word_1_267' title='bbox 373 2326 411 2358; x_wconf 90' lang='lat' dir='ltr'>et</span> <span class='ocrx_word' id='word_1_268' title='bbox 432 2318 645 2356; x_wconf 85' lang='lat' dir='ltr'>Erzeroum</span> <span class='ocrx_word' id='word_1_269' title='bbox 668 2312 815 2367; x_wconf 80' lang='lat' dir='ltr'>(Huetl</span> <span class='ocrx_word' id='word_1_270' title='bbox 839 2311 1000 2364; x_wconf 83' lang='lat' dir='ltr'>Oalv!)‚</span> <span class='ocrx_word' id='word_1_271' title='bbox 1028 2313 1166 2351; x_wconf 89' lang='lat' dir='ltr'>Persia</span> <span class='ocrx_word' id='word_1_272' title='bbox 1189 2313 1274 2351; x_wconf 88' lang='lat' dir='ltr'>bor.</span> <span class='ocrx_word' id='word_1_273' title='bbox 1304 2312 1342 2349; x_wconf 91' lang='lat' dir='ltr'>in</span> <span class='ocrx_word' id='word_1_274' title='bbox 1368 2312 1553 2350; x_wconf 87' lang='lat' dir='ltr'>montosis</span> <span class='ocrx_word' id='word_1_275' title='bbox 1580 2323 1694 2360; x_wconf 78' lang='lat' dir='ltr'>prov,</span> <span class='ocrx_word' id='word_1_276' title='bbox 1719 2309 1940 2349; x_wconf 86' lang='lat' dir='ltr'>Asterabad</span> 
     </span>
     <span class='ocr_line' id='line_1_33' title="bbox 248 2377 651 2432; baseline -0.017 -13"><span class='ocrx_word' id='word_1_277' title='bbox 248 2378 456 2432; x_wconf 77' lang='lat' dir='ltr'>(Bungel).</span> <span class='ocrx_word' id='word_1_278' title='bbox 481 2377 541 2415; x_wconf 81' lang='lat' dir='ltr'>Fi.</span> <span class='ocrx_word' id='word_1_279' title='bbox 567 2380 651 2414; x_wconf 86' lang='lat' dir='ltr'>aest.</span> 
     </span>
    </p>

    <p class='ocr_par' dir='ltr' id='par_1_12' title="bbox 305 2440 1113 2491">
     <span class='ocr_line' id='line_1_34' title="bbox 305 2440 1113 2491; baseline -0.011 -5"><span class='ocrx_word' id='word_1_280' title='bbox 305 2447 445 2486; x_wconf 85' lang='lat' dir='ltr'>Flores</span> <span class='ocrx_word' id='word_1_281' title='bbox 470 2444 547 2482; x_wconf 88' lang='lat' dir='ltr'>illis</span> <span class='ocrx_word' id='word_1_282' title='bbox 570 2442 610 2482; x_wconf 88' lang='lat' dir='ltr'>S.</span> <span class='ocrx_word' id='word_1_283' title='bbox 631 2442 757 2482; x_wconf 75' lang='lat' dir='ltr'>annui</span> <span class='ocrx_word' id='word_1_284' title='bbox 781 2441 900 2491; x_wconf 86' lang='lat' dir='ltr'>paulo</span> <span class='ocrx_word' id='word_1_285' title='bbox 927 2440 1113 2490; x_wconf 66' lang='lat' dir='ltr'>maiores.</span> 
     </span>
    </p>
   </div>
   <div class='ocr_carea' id='block_1_8' title="bbox 305 2504 1291 2561">
    <p class='ocr_par' dir='ltr' id='par_1_13' title="bbox 305 2504 1291 2561">
     <span class='ocr_line' id='line_1_35' title="bbox 305 2504 1291 2561; baseline -0.01 -9"><span class='ocrx_word' id='word_1_286' title='bbox 305 2512 381 2552; x_wconf 79' lang='lat' dir='ltr'>Ar.</span> <span class='ocrx_word' id='word_1_287' title='bbox 412 2510 575 2561; x_wconf 78' lang='lat' dir='ltr'>Geogr.</span> <span class='ocrx_word' id='word_1_288' title='bbox 607 2507 915 2557; x_wconf 83' lang='lat' dir='ltr'>Transylvania‚</span> <span class='ocrx_word' id='word_1_289' title='bbox 939 2504 1071 2545; x_wconf 82' lang='lat' dir='ltr'>Gallia</span> <span class='ocrx_word' id='word_1_290' title='bbox 1092 2505 1291 2544; x_wconf 82' lang='lat' dir='ltr'>australis.</span> 
     </span>
    </p>
   </div>
   <div class='ocr_carea' id='block_1_9' title="bbox 250 2644 1939 2825">
    <p class='ocr_par' dir='ltr' id='par_1_14' title="bbox 250 2644 1939 2825">
     <span class='ocr_line' id='line_1_36' title="bbox 306 2644 1938 2714; baseline -0.01 -10"><span class='ocrx_word' id='word_1_291' title='bbox 306 2660 359 2705; x_wconf 89' lang='lat' dir='ltr'>S.</span> <span class='ocrx_word' id='word_1_292' title='bbox 386 2654 669 2714; x_wconf 81' lang='lat' dir='ltr'>perennis</span> <span class='ocrx_word' id='word_1_293' title='bbox 697 2653 760 2710; x_wconf 84' lang='lat' dir='ltr'>(L.</span> <span class='ocrx_word' id='word_1_294' title='bbox 790 2651 860 2709; x_wconf 88' lang='lat' dir='ltr'>Sp.</span> <span class='ocrx_word' id='word_1_295' title='bbox 889 2649 994 2707; x_wconf 87' lang='grc'>580)</span> <span class='ocrx_word' id='word_1_296' title='bbox 1022 2648 1152 2707; x_wconf 83' lang='lat' dir='ltr'>cymis</span> <span class='ocrx_word' id='word_1_297' title='bbox 1179 2646 1442 2705; x_wconf 83' lang='lat' dir='ltr'>corymbosis</span> <span class='ocrx_word' id='word_1_298' title='bbox 1458 2645 1561 2689; x_wconf 84' lang='lat' dir='ltr'>laxis</span> <span class='ocrx_word' id='word_1_299' title='bbox 1581 2646 1645 2689; x_wconf 92' lang='lat' dir='ltr'>vel</span> <span class='ocrx_word' id='word_1_300' title='bbox 1663 2644 1938 2689; x_wconf 78' lang='lat' dir='ltr'>fasciculatim</span> 
     </span>
     <span class='ocr_line' id='line_1_37' title="bbox 250 2704 1939 2769; baseline -0.011 -5"><span class='ocrx_word' id='word_1_301' title='bbox 250 2714 573 2766; x_wconf 71' lang='lat' dir='ltr'>confertissoriS‚</span> <span class='ocrx_word' id='word_1_302' title='bbox 607 2711 759 2769; x_wconf 87' lang='lat' dir='ltr'>calycis</span> <span class='ocrx_word' id='word_1_303' title='bbox 786 2709 950 2754; x_wconf 86' lang='lat' dir='ltr'>laciniis</span> <span class='ocrx_word' id='word_1_304' title='bbox 977 2706 1174 2764; x_wconf 83' lang='lat' dir='ltr'>oblongis</span> <span class='ocrx_word' id='word_1_305' title='bbox 1201 2704 1613 2750; x_wconf 82' lang='lat' dir='ltr'>rotundato-obtusis</span> <span class='ocrx_word' id='word_1_306' title='bbox 1639 2704 1832 2760; x_wconf 88' lang='lat' dir='ltr'>margine</span> <span class='ocrx_word' id='word_1_307' title='bbox 1859 2704 1939 2747; x_wconf 87' lang='lat' dir='ltr'>late</span> 
     </span>
     <span class='ocr_line' id='line_1_38' title="bbox 250 2761 1896 2825; baseline -0.011 -3"><span class='ocrx_word' id='word_1_308' title='bbox 250 2769 705 2823; x_wconf 84' lang='lat' dir='ltr'>albo-membranaceis</span> <span class='ocrx_word' id='word_1_309' title='bbox 730 2767 962 2813; x_wconf 73' lang='lat' dir='ltr'>fructiferis</span> <span class='ocrx_word' id='word_1_310' title='bbox 987 2766 1124 2825; x_wconf 87' lang='lat' dir='ltr'>planis</span> <span class='ocrx_word' id='word_1_311' title='bbox 1151 2764 1304 2809; x_wconf 87' lang='lat' dir='ltr'>erectis</span> <span class='ocrx_word' id='word_1_312' title='bbox 1341 2771 1400 2814; x_wconf 73' lang='lat'>26.</span> <span class='ocrx_word' id='word_1_313' title='bbox 1434 2763 1489 2807; x_wconf 91' lang='lat' dir='ltr'>Ic.</span> <span class='ocrx_word' id='word_1_314' title='bbox 1521 2762 1646 2807; x_wconf 89' lang='lat' dir='ltr'>Schk.</span> <span class='ocrx_word' id='word_1_315' title='bbox 1677 2763 1764 2806; x_wconf 85' lang='lat' dir='ltr'>tab.</span> <span class='ocrx_word' id='word_1_316' title='bbox 1796 2761 1896 2806; x_wconf 72' lang='lat'>120.</span> 
     </span>
    </p>
   </div>
   <div class='ocr_carea' id='block_1_10' title="bbox 252 2830 1934 2958">
    <p class='ocr_par' dir='ltr' id='par_1_15' title="bbox 252 2830 1934 2958">
     <span class='ocr_line' id='line_1_39' title="bbox 307 2830 1934 2891; baseline -0.009 -4"><span class='ocrx_word' id='word_1_317' title='bbox 307 2849 409 2887; x_wconf 81' lang='lat' dir='ltr'>Hab.</span> <span class='ocrx_word' id='word_1_318' title='bbox 433 2848 473 2884; x_wconf 89' lang='lat' dir='ltr'>in</span> <span class='ocrx_word' id='word_1_319' title='bbox 493 2844 657 2883; x_wconf 84' lang='lat' dir='ltr'>collibus</span> <span class='ocrx_word' id='word_1_320' title='bbox 690 2843 805 2881; x_wconf 81' lang='lat' dir='ltr'>siccis</span> <span class='ocrx_word' id='word_1_321' title='bbox 839 2839 1020 2878; x_wconf 74' lang='lat' dir='ltr'>Thraciae</span> <span class='ocrx_word' id='word_1_322' title='bbox 1042 2842 1080 2877; x_wconf 81' lang='lat' dir='ltr'>et</span> <span class='ocrx_word' id='word_1_323' title='bbox 1112 2836 1351 2876; x_wconf 60' lang='lat' dir='ltr'>Macedonia}</span> <span class='ocrx_word' id='word_1_324' title='bbox 1377 2832 1553 2891; x_wconf 84' lang='lat' dir='ltr'>(Friv.),</span> <span class='ocrx_word' id='word_1_325' title='bbox 1579 2834 1758 2883; x_wconf 87' lang='lat' dir='ltr'>Byzantii</span> <span class='ocrx_word' id='word_1_326' title='bbox 1782 2830 1934 2882; x_wconf 84' lang='lat' dir='ltr'>(Cleml</span> 
     </span>
     <span class='ocr_line' id='line_1_40' title="bbox 252 2905 402 2958; baseline -0.02 -10"><span class='ocrx_word' id='word_1_327' title='bbox 252 2910 340 2948; x_wconf 72' lang='lat' dir='ltr'>Noe</span> <span class='ocrx_word' id='word_1_328' title='bbox 358 2905 402 2958; x_wconf 86' lang='lat' dir='ltr'>l).</span> 
     </span>
    </p>
   </div>
  </div>
 </body>
</html>
