2021 3235
899 114 984 157 445

411 237 585 280 seriata.
613 237 765 293 Scyllis
789 238 966 294 yracilis
993 239 1083 280 basi
1105 240 1388 295 qeniculalns.
1420 241 1609 298 Capsnla
1633 245 1781 288 oblon-

410 310 481 352 θα.
515 295 691 339 Semina
722 296 957 353 anaidem,
996 298 1167 353 embryo
1199 299 1455 354 simpliciter
1483 302 1685 357 plicatus.
1722 330 1780 336 ——

414 353 577 397 Fruteoe
593 355 770 398 racemis
787 356 1041 411 compositis.
1085 356 1222 399 Seclio
1237 357 1554 402 characteribus
1570 362 1621 403 ab
1640 362 1778 405 Euhe-

410 412 643 456 lianthemo
670 413 743 456 via:
770 414 976 456 distincta
1005 415 1076 456 sed
1103 415 1274 458 habitus
1300 416 1508 460 diversus.

148 537 212 581 H.
239 535 786 580 lavandulaefolium
824 536 959 591 (Lam.
992 536 1094 579 Dict.
1129 538 1179 589 ll,
1210 552 1251 594 p.
1284 537 1339 580 ⁶25
1367 538 1444 581 sub
1476 538 1610 598 Cislo)
1649 542 1776 584 intlu-

91 602 232 638 mento
259 595 422 638 stellato
449 594 649 651 adpresse
673 608 844 646 canum,
881 594 1010 638 ramis
1044 596 1212 648 erectis,
1259 596 1368 639 foliis
1396 597 1776 655 oblongo-lanceo—

89 653 182 697 latis
209 653 491 696 linearibusve
519 652 711 708 margine
739 653 833 709 plus
860 654 1001 696 minus
1029 655 1256 707 revolutis,
1289 655 1535 712 junioribus
1571 658 1614 700 in
1642 659 1777 703 axillis

89 712 359 765 fasciculatis‚
394 711 574 754 racemis
610 711 751 754 densis
787 712 985 755 secundis
1022 713 1226 769 oppositis
1253 714 1528 771 pyramidatis
1567 719 1778 773 supremis

91 784 200 827 saepe
226 770 421 824 ternatis,
465 769 617 827 sepalis
654 769 933 813 interioribus
968 771 1424 827 oblongo-lanceolatis
1458 774 1593 818 aculis
1635 784 1672 826 5.
1719 778 1775 821 le.

88 829 231 873 Willk.
263 829 347 872 tab.
380 828 464 873 ‘153
490 829 537 871 A.
571 827 715 872 Cislas
736 828 944 884 Syriacus
969 829 1087 887 Jacq.
1118 831 1173 873 lc.
1206 845 1291 873 rar.
1323 831 1407 874 tab.
1440 831 1510 876 96.

146 893 247 931 Hab.
274 893 310 930 in
346 892 510 930 collibus
543 891 658 929 siccis
686 890 846 929 Graeciae
876 892 913 929 in
938 892 1071 931 Attica
1105 887 1307 948 (Heldrl)
1343 899 1380 932 et
1412 895 1540 934 insula
1577 896 1774 936 Salamide

93 950 297 1004 (Sprunl),
331 951 476 990 Ciliciae
502 951 552 988 ad
576 950 746 989 Mersina
771 944 936 1001 (Ball),
963 951 1085 1000 Syriae
1111 953 1292 991 littoralis
1321 954 1371 991 ad
1405 954 1559 1003 Tripoli
1594 956 1724 1008 (Boiss
1743 957 1773 1012 l)

89 1015 126 1050 et
158 1011 341 1050 Sidonem
367 1009 494 1061 (ΒΗ),
529 1010 745 1048 Palaestinae
776 1011 813 1048 in
849 1010 1027 1049 Carmelo
1062 1010 1212 1064 (Labt)
1251 1017 1289 1051 et
1322 1013 1427 1052 eirca
1454 1015 1774 1065 Hierosolymam

90 1071 272 1124 (Boissl).
297 1070 358 1109 Fl.
375 1074 456 1108 aest.

145 1129 221 1168 Ar.
253 1129 417 1180 Geogr.
452 1129 655 1179 Hispania,
681 1127 810 1167 Gallia
835 1131 1029 1181 australis,
1055 1131 1190 1169 Africa
1216 1130 1388 1171 borealis
1413 1134 1682 1174 occidentalis.

88 1287 209 1331 Secr.
240 1286 329 1329 Vll.
366 1284 790 1329 EUHELIANTHEMUm.
828 1285 936 1329 Dun.
970 1288 1049 1330 loc.
1080 1287 1150 1330 cit.
1181 1302 1222 1345 p.
1254 1287 1355 1330 278.
1392 1315 1448 1319 -—
1484 1289 1624 1347 Calyce
1653 1293 1681 1335 5
1714 1308 1777 1336 se-

408 1345 535 1402 palus
552 1345 708 1401 sepalis
725 1344 752 1387 2
768 1346 1051 1388 eoeterz‘orib-us
1074 1347 1210 1389 mallo
1233 1348 1473 1390 minoribus
1497 1350 1777 1395 interioribus

407 1404 747 1461 quadrinerviis.
775 1404 926 1447 Pelala
950 1405 1063 1447 lutea
1087 1405 1185 1448 alba
1209 1406 1272 1448 vel
1292 1421 1514 1463 purpurea
1536 1410 1674 1465 calyce
1693 1412 1778 1454 2-3

403 1463 477 1519 plo
510 1460 716 1519 lonyiora.
753 1461 928 1505 Semina
955 1464 1254 1520 pluriseriata.
1298 1464 1448 1522 stylus
1477 1469 1654 1523 yracz‘lis
1685 1470 1777 1512 base?

406 1521 690 1578 qenicnlalns.
736 1520 924 1577 Capsula
957 1527 1095 1565 ovata.
1134 1522 1310 1566 Semina
1341 1525 1568 1581 angulata,
1602 1528 1775 1585 embrgso

407 1579 663 1636 simpliciter
685 1579 889 1636 plicatus.
916 1607 973 1610 —
1001 1579 1254 1637 Suffrntices
1282 1584 1460 1626 racemis
1484 1585 1769 1642 simplicibus,

145 1706 209 1750 H.
245 1706 604 1750 vesicarium
644 1703 793 1761 (Boiss
824 1703 973 1761 Diagn.
1003 1704 1093 1748 Ser.
1127 1706 1165 1759 Ι,
1194 1706 1302 1760 VIll,
1340 1721 1379 1764 p.
1410 1707 1485 1765 30>
1528 1716 1660 1753 totum
1699 1712 1772 1754 ad-

86 1777 228 1821 presse
256 1778 426 1818 canum,
454 1763 565 1807 foliis
590 1762 825 1806 linearibus
852 1764 914 1806 vel
941 1763 1361 1808 lineari-lanceolatis
1390 1767 1551 1810 obtusis
1578 1769 1771 1825 margine

85 1823 301 1875 revolutis,
330 1821 494 1880 stipulis
514 1821 746 1865 linearibus
762 1821 862 1864 folio
880 1821 1058 1866 dimidio
1077 1822 1428 1881 subaequilongis‚
1452 1827 1632 1871 racemis
1650 1828 1769 1882 laxis,

84 1882 298 1938 pedicellis
315 1880 456 1939 calyci
477 1880 827 1938 subaequilongss,
848 1880 996 1937 petalis
1015 1881 1164 1935 roseis,
1186 1883 1327 1940 calyce
1346 1884 1565 1928 fructifero
1584 1887 1771 1930 scarioso

85 1940 287 1985 vesicarie
304 1940 465 1993 inflato,
494 1939 646 1996 sepalis
663 1938 940 1982 interioribus
968 1939 1099 1983 ovatis
1127 1942 1384 1985 tomentellis
1402 1943 1450 1985 ad
1471 1957 1623 1988 nervos
1641 1946 1771 1989 latere

85 2005 258 2044 externo
284 1999 531 2042 nervulosos
558 1998 707 2042 setosis
734 2005 770 2047 5.
803 1997 859 2041 Ic.
889 1996 1033 2041 Willk.
1065 1998 1150 2041 tab.
1184 1997 1283 2041 134.

142 2062 242 2102 Hab.
268 2063 306 2100 in
340 2061 455 2100 siccis
478 2061 714 2110 Palaestinae,
743 2059 782 2098 in
807 2064 937 2098 monte
963 2059 1118 2099 Oliveto
1143 2062 1194 2099 ad
1227 2062 1541 2112 Hierosolymam
1566 2069 1604 2103 et
1628 2066 1677 2103 ad
1702 2066 1760 2104 St-

84 2119 188 2159 Saba
207 2122 338 2169 (Boiss
354 2121 404 2172 !),
428 2119 467 2157 in
490 2132 639 2158 summo
656 2120 754 2169 jugo
781 2119 858 2157 Tib
879 2118 1034 2158 Arabiae
1057 2123 1202 2168 petreae
1229 2119 1396 2174 (Boissl)
1417 2156 1425 2166 ,
1450 2123 1488 2160 in
1514 2123 1692 2173 AEgypto
1719 2127 1772 2164 ad

84 2180 362 2219 Alexandriam
386 2179 572 2230 (Ehrenb.
598 2170 785 2217 Samarit!
804 2178 833 2229 ).
861 2178 919 2216 Fl.
946 2190 1051 2217 vern

142 2239 177 2277 A
202 2240 336 2278 formis
360 2239 408 2278 H.
430 2237 629 2289 Apennini
651 2238 797 2288 calycis
814 2238 1187 2277 scarioso-vesicarii
1208 2239 1338 2278 nervis
1357 2242 1618 2282 exterioribus
1645 2256 1768 2283 ramu-

83 2299 181 2337 losis
204 2300 433 2349 stipulisque
451 2299 602 2348 magnis
630 2298 864 2337 distinctum.

140 2356 215 2397 Ar.
247 2356 408 2409 (ἔθυεν.
443 2357 575 2397 Africa
599 2357 773 2396 borealis
800 2356 999 2395 orientalis
1016 2357 1066 2395 ad
1092 2356 1224 2396 Gabes
1249 2354 1468 2414 (Kralikl).

140 2507 205 2551 Η.
232 2507 608 2564 Apenninum
642 2505 705 2562 (L.
736 2504 805 2562 Sp.
844 2503 930 2548 744
955 2506 1033 2549 sub
1063 2505 1196 2560 Cisto)
1225 2512 1360 2550 totum
1387 2507 1590 2564 adpresse
1618 2524 1768 2554 canes-

84 2578 200 2618 cens,
228 2565 340 2609 soliis
364 2564 738 2620 lineari-oblongis
772 2562 965 2620 margine
993 2564 1220 2617 revolutis,
1259 2565 1424 2622 stipulis
1452 2566 1552 2611 solio
1587 2567 1666 2611 3-4
1700 2571 1768 2626 plo

83 2622 366 2677 brevioribus,
396 2623 577 2667 racemis
594 2623 714 2676 laxis,
742 2621 957 2679 pedicellis
985 2625 1124 2682 calyce
1151 2623 1436 2677 brevioribus,
1465 2627 1615 2682 petalis
1642 2627 1766 2681 albis,

85 2682 236 2740 sepalis
263 2681 516 2726 tomentellis
542 2681 819 2724 interioribus
846 2680 977 2724 ovatis
1004 2681 1166 2725 obtusis
1192 2681 1332 2725 nervis
1359 2696 1444 2725 non
1473 2685 1698 2729 ramulosis
1725 2695 1762 2735 5.

83 2735 139 2783 H.
166 2741 512 2798 pnlveralenlum
539 2752 605 2783 Dc.
639 2739 772 2782 Rchb.
803 2740 830 2782 f.
861 2737 992 2781 4555.
1024 2740 1168 2784 Willk.
1199 2739 1286 2782 tab.
1317 2739 1402 2784 138
1429 2741 1475 2783 A.

140 2804 240 2841 Hab.
261 2803 298 2840 in
323 2803 488 2842 collibus
507 2802 648 2840 Atticae
671 2803 770 2840 inter
793 2801 968 2839 Athenas
993 2808 1030 2841 et
1051 2802 1283 2841 Heracleam
1310 2799 1451 2856 (Heldr
1470 2801 1517 2855 l),
1543 2805 1700 2843 OEtoliae
1717 2806 1768 2844 ad

83 2859 519 2960 ἓιίεεὲἓίηςέιὲέὶῖἱοᾱθτ
534 2859 578 2912 Ξ),
593 2861 748 2900 Baeotiae
764 2860 905 2911 (Heldr
921 2857 962 2913 1),
980 2861 1163 2901 Laconiae
1186 2861 1224 2898 in
1250 2865 1383 2900 monte
1407 2861 1562 2902 Malevo
1579 2862 1705 2914 (Orph
1721 2862 1769 2916 l).
