2021 3235
882 40 967 84 863

83 139 316 192 trinerviis,
354 136 508 195 sepalis
533 135 777 179 lanceolatis
804 131 1033 189 cuspidatis
1062 127 1275 172 trinerviis
1304 127 1473 184 capsula
1509 129 1633 184 paulo
1671 128 1760 170 lon-

82 199 272 256 gioribus
298 198 368 253 Θ.

140 270 240 307 Hab.
265 270 302 306 in
325 267 485 316 regione
509 265 700 314 sylvatica
723 262 930 310 subalpina
954 260 1156 306 Anatoliae,
1180 259 1217 294 in
1242 257 1511 305 Paphlagonia
1534 258 1584 295 ad
1603 258 1761 296 Safran-

82 330 146 368 bol
175 322 423 380 (Wiedeml),
452 325 580 373 Lydia
606 325 640 361 in
666 323 805 360 Tmolo
829 333 947 369 supra
970 317 1280 365 philadelphiam
1300 316 1485 366 (Boissl).
1510 317 1566 354 Fl.
1591 322 1673 355 aest.

143 397 336 436 Gracilius
361 395 400 433 L.
426 404 595 437 nervoso,
621 392 735 430 flores
763 391 942 435 minores,
970 388 1018 425 ab
1043 399 1088 425 eo
1116 390 1154 423 et
1178 385 1215 422 L.
1243 384 1413 422 Aroam‘o
1439 385 1573 423 radice
1601 388 1638 422 et
1663 385 1765 422 foliis

84 458 166 496 basi
192 455 439 495 subcordatis
462 453 706 502 distinctum;
730 450 865 498 sepala
889 447 1064 496 margine
1085 446 1283 496 glandulis
1306 444 1509 481 sessilibus
1534 444 1766 492 regulariter

85 517 224 556 obsita.

129 673 152 695 ’κ
183 673 206 695 ⁹⁶
239 672 430 721 Stigmata
453 673 624 721 capitata
646 671 709 710 vel
738 669 1116 718 oblongo-capitata.
1149 667 1337 705 Pedicelli
1369 666 1558 705 fructiferi
1583 678 1716 704 omnes

806 728 1054 777 longiusculi.

691 856 721 907 †
752 855 896 904 Sepala
920 854 1165 904 glandulosa.

811 992 848 1017 a.
879 979 1029 1019 Annua.

146 1104 203 1146 L.
232 1103 637 1159 virgultorum
665 1102 815 1158 (Boiss.
848 1109 885 1144 et
914 1102 1058 1145 Heldr.
1091 1100 1239 1156 Diagn.
1270 1100 1359 1143 Ser.
1392 1101 1425 1153 l,
1453 1100 1564 1153 Vlll,
1595 1115 1633 1157 p.
1668 1099 1770 1157 105)

89 1160 308 1218 glabrum,
337 1160 531 1204 caulibus
567 1160 719 1204 erectis
759 1160 946 1204 tenuiter
985 1159 1156 1216 virgatis
1184 1159 1302 1216 apice
1330 1159 1511 1202 ramosis
1538 1159 1668 1202 ramis
1695 1158 1775 1202 3-5

89 1219 226 1276 longis
252 1219 482 1275 gracilibus
510 1219 848 1273 unilateralibus‚
868 1219 979 1263 foliis
997 1217 1294 1262 subtrinerviis
1321 1218 1774 1274 oblongo-lanceolatis

89 1278 152 1321 vel
193 1279 436 1322 lanceolatis
473 1278 627 1322 strictis
656 1278 909 1322 acuminatis
935 1277 1128 1333 margine
1162 1277 1350 1329 scabriS‚
1381 1277 1534 1334 sepalis
1563 1276 1775 1320 trinerviis

89 1336 430 1393 ovato-oblongis
457 1337 711 1380 acuminatis
738 1337 948 1393 glandulis
975 1336 1194 1380 sessilibus
1212 1335 1461 1392 marginatis
1479 1335 1630 1393 petalis
1647 1336 1775 1392 duplo

91 1395 261 1452 capsula
286 1396 412 1453 paulo
436 1395 718 1452 longioribus,
748 1396 1015 1453 stigmatibus
1043 1394 1234 1452 capitatis
1266 1401 1332 1447 Θ.

165 1466 266 1505 Hab.
302 1467 340 1504 in
379 1466 571 1506 fruticetis
613 1467 786 1506 herbidis
835 1467 958 1506 faucis
1002 1479 1121 1515 supra
1163 1466 1491 1505 Tsimboukkhan
1536 1466 1777 1515 Pamphyliae

93 1522 290 1580 (Heldrl).
313 1526 373 1565 ΕΙ.
399 1530 480 1565 aest.
505 1527 675 1565 ineunte.

153 1593 315 1642 pedale,
332 1594 423 1632 folia
443 1593 472 1632 L
503 1595 764 1637 usitatissimi,
789 1594 971 1644 pedicelli
988 1593 1177 1632 fructiferi
1195 1594 1467 1642 erecto-patuli
1484 1593 1645 1642 capsula
1662 1593 1777 1641 paulo

94 1652 308 1701 longiores.

797 1783 839 1823 b.
873 1784 1078 1823 Perennia.

157 1906 212 1949 L.
240 1905 613 1950 tenuiiolium
641 1906 704 1962 (L.
734 1905 801 1961 Sp.
833 1904 937 1962 398)
966 1905 1055 1948 basi
1085 1905 1403 1956 suffrutescenS‚
1433 1903 1626 1947 caulibus
1652 1904 1782 1947 abasi

101 1963 395 2020 procumbenti
423 1963 574 2007 erectis
602 1964 812 2021 rigidulis,
842 1963 951 2007 soliis
979 1964 1141 2007 crebris
1167 1962 1548 2007 lineari-subulatis
1575 1963 1785 2006 carinato-

101 2021 333 2065 uninerviis
360 2021 550 2079 margine
579 2024 850 2067 subrevoluto
878 2022 1060 2074 scabris,
1091 2022 1244 2080 sepalis
1270 2021 1505 2065 uninerviis
1534 2035 1582 2064 ex
1609 2021 1700 2065 basi
1728 2023 1786 2065 el-

102 2080 242 2137 liptica
268 2080 475 2125 subulatis
502 2083 660 2125 corolla
686 2081 840 2143 pallide
869 2081 1186 2125 roseo-lilacina
1220 2081 1346 2138 triplo
1384 2080 1652 2123 brevioribus
1689 2095 1787 2138 cap-

103 2139 237 2182 sulam
265 2139 327 2182 vix
355 2139 655 2184 excedentibus
689 2150 745 2192 26.
776 2140 893 2196 Jacq.
934 2139 993 2182 Fl.
1024 2140 1164 2183 Austr.
1196 2140 1282 2183 tab.
1328 2138 1427 2181 215.
1472 2140 1519 2182 L.
1560 2138 1787 2182 Cilicicum

104 2196 229 2240 Fenzl
255 2196 300 2240 in
325 2198 472 2242 Tchih.
502 2200 572 2242 As.
602 2199 702 2243 Min.
735 2199 768 2252 Ι,
793 2212 833 2255 p.
866 2197 964 2241 141.

163 2270 264 2308 Hab.
289 2270 328 2308 in
360 2271 551 2319 lapidosis
586 2272 759 2319 regionis
797 2274 988 2308 montanae
1016 2274 1055 2308 et
1078 2272 1315 2319 subalpinae,
1343 2269 1507 2308 Graeciae
1530 2270 1568 2307 in
1597 2270 1790 2308 montibus

106 2328 329 2378 Gytherone
364 2329 524 2380 (Heldr.
565 2330 686 2369 Herb.
725 2330 864 2368 Norm.
904 2326 1078 2379 546!)‚
1113 2329 1284 2379 Kyllene
1320 2333 1358 2366 et
1389 2328 1550 2367 Chelmo
1584 2328 1790 2380 (Orph!)‚

107 2388 276 2437 Olympo
301 2387 496 2427 Thessalo
521 2388 661 2439 (Heldr
678 2389 688 2429 Ξ
707 2388 744 2441 ),
776 2390 972 2428 montibus
1007 2388 1246 2427 Macedoniae
1271 2387 1496 2439 (Griseb!)‚
1533 2388 1718 2426 Anatolia
1741 2389 1792 2427 ad

107 2447 313 2486 Safranbol
341 2451 379 2485 el.
399 2447 533 2487 Tokat
554 2444 834 2503 (Wiedeml),
870 2449 907 2486 in
946 2447 1063 2486 Caria
1088 2447 1234 2499 (Tchih
1251 2446 1260 2487 Ξ
1278 2445 1316 2502 ),
1343 2446 1483 2486 Cilicia
1506 2459 1631 2496 prope
1661 2447 1791 2487 Gulek

111 2502 224 2561 (Ball
252 2499 340 2556 Ky!
359 2507 387 2558 ),
413 2506 529 2556 Syria
553 2509 637 2547 bor.
663 2520 786 2558 prope
810 2508 953 2546 Aintab
978 2501 1131 2558 (Auchi
1166 2504 1380 2559 Haussk!)‚
1405 2507 1593 2545 Armenia
1621 2507 1792 2547 Turcica

112 2565 244 2616 (Calvi
269 2566 400 2615 Bourg
415 2564 460 2617 i),
486 2566 633 2606 Tauria
657 2572 695 2607 et
718 2580 828 2617 prov,
854 2567 1079 2606 Caucasicis
1103 2567 1201 2617 (ΜΒ.
1228 2567 1366 2605 Hohen
1384 2566 1435 2617 l).
1460 2566 1519 2604 Fl.
1543 2566 1733 2606 Mai.-Jul.

170 2631 393 2681 Specimina
419 2632 557 2672 Graeca
590 2638 627 2673 et
653 2634 814 2673 Cilicica
842 2633 987 2673 habent
1021 2633 1115 2672 folia
1149 2634 1286 2683 planta
1311 2632 1505 2682 Europaea
1530 2644 1633 2682 saepe
1664 2634 1792 2672 subla-

112 2692 226 2730 tiora.

173 2755 245 2796 Ar.
278 2762 432 2809 Geogr.
466 2759 624 2809 Europa
646 2760 774 2798 media
799 2764 836 2798 et
859 2761 1055 2798 australis.
