2021 3235
1010 147 1093 192 770

208 245 391 289 bracteis
427 244 657 302 pedicellos
693 243 835 300 calyce
878 239 1177 284 subbreviores
1219 238 1345 296 paulo
1385 237 1702 295 superantibus,
1747 236 1896 294 petalis

207 302 549 359 ovato-oblongis
577 308 718 345 erecto
736 327 754 333 -
772 299 926 358 patulis
953 296 1359 356 subpersistentibus
1376 331 1385 347 ‚
1420 296 1646 339 filamentis
1673 295 1764 339 basi
1791 295 1896 338 dila-

207 367 292 414 taia
319 362 485 419 angulis
511 360 617 405 disci
644 359 871 418 impositis,
900 357 1089 400 antheris
1117 355 1339 414 apiculatis
1365 360 1404 406 5.

266 436 366 474 Hab.
382 435 428 472 in
453 434 586 472 Attica
603 434 653 471 ad
682 432 890 469 Phalerum
915 428 1080 481 (Sprunl
1105 424 1231 466 Heldr
1247 427 1291 477 l),
1318 428 1356 463 in
1381 426 1556 465 Thracia
1581 425 1740 476 (Griseb
1756 417 1804 475 Ῐ),
1822 425 1896 473 By-

207 496 325 534 zantii
351 489 500 550 (Castl)
524 497 562 530 et
592 493 640 529 ad
663 490 934 529 Nicomediam
961 483 1129 543 (Noffl),
1157 489 1262 526 circa
1291 486 1493 538 Smyrnam
1518 485 1620 536 (Bal.
1646 497 1725 523 exs.
1755 483 1896 535 1551),

209 555 328 604 Cypri
355 553 438 606 (Ky
464 565 549 591 exs.
570 549 718 602 6989.

266 620 426 660 Racemi
460 620 670 669 pollicares
696 617 760 655 vel
787 616 1012 659 breviores;
1048 614 1170 653 facies
1197 613 1351 652 omnino
1381 616 1420 650 et
1453 612 1549 650 folia
1582 611 1841 660 praecedentis
1873 622 1897 648 a

208 683 285 730 qua
313 681 445 719 colore
485 679 644 718 corticis
670 678 796 715 minus
829 679 936 724 atro,
962 674 1130 713 racemis
1156 673 1356 722 paululum
1391 671 1636 710 tenuioribus
1664 675 1703 709 et
1728 671 1843 719 stylis
1864 668 1891 708 5

206 752 279 780 nec
301 738 331 779 4
355 739 422 790 (an
447 735 598 789 satis‘B)
625 737 765 775 differt.

264 805 311 859 β.
345 801 523 846 Cretica.
554 799 672 844 Folia
697 797 886 857 patentia
911 809 991 840 nec
1016 795 1112 854 plus
1137 795 1280 838 minus
1306 794 1523 852 adpressa.

267 875 368 912 Hab.
395 874 434 911 in
457 872 574 910 Creta
598 881 721 920 prope
746 869 913 917 Armyro
942 865 1060 919 (Sieb.
1086 876 1168 904 exs.
1196 866 1267 904 sub
1296 864 1334 903 T.
1356 863 1544 913 Gallica).

267 939 342 979 Ar.
377 938 537 988 Geogr.
570 936 719 986 Illyria.

264 1128 320 1171 T.
353 1124 640 1180 Kotschyi
682 1121 847 1180 (Bunge
875 1120 954 1163 loc.
985 1119 1055 1163 cit.
1087 1133 1128 1176 p.
1159 1118 1233 1176 80>
1277 1117 1425 1175 glabra
1458 1118 1750 1174 glaucescens,
1789 1115 1900 1160 foliis

208 1201 232 1230 a
258 1185 350 1230 basi
377 1183 554 1228 omnino
580 1178 877 1240 amplexicauli
903 1180 984 1222 late
1011 1177 1144 1222 ovatis
1170 1177 1400 1234 cuspidatis
1427 1175 1900 1233 cartilagineo-margi—

207 1245 335 1298 natis,
378 1242 559 1286 racemis
600 1237 899 1298 pedunculatis
934 1237 1071 1294 longis
1107 1235 1371 1289 laxiusculiS,
1415 1235 1599 1279 bracteis
1625 1233 1901 1278 acutiusculis

207 1304 437 1363 pedicellos
463 1301 604 1358 calyce
632 1296 928 1354 sublongiores
955 1295 1274 1354 superantibus,
1305 1293 1456 1352 petalis
1482 1293 1898 1349 obovato·oblongis,

207 1361 436 1407 filamentis
462 1359 554 1403 basi
581 1358 754 1402 dilatata
786 1355 895 1399 lobis
931 1355 1036 1399 disci
1074 1353 1306 1412 impositis,
1335 1353 1527 1397 antheris
1568 1351 1755 1405 muticis,
1784 1351 1901 1409 stylis

208 1420 471 1466 brevissimis
498 1417 688 1462 obovatis
715 1423 754 1468 5.
806 1415 850 1457 Τ.
884 1414 1107 1457 cetrandra
1131 1427 1223 1462 var,
1251 1412 1489 1470 parvislora
1515 1411 1648 1455 Boiss.
1679 1410 1722 1454 in
1751 1410 1810 1469 Ky
1839 1410 1897 1453 Pl.

209 1482 324 1525 Pers.
356 1485 488 1523 austr.

266 1552 369 1590 Hab.
393 1551 431 1588 in
457 1548 653 1588 montibus
678 1557 801 1596 prope
824 1544 929 1584 Gere
946 1544 1090 1582 Persiae
1107 1542 1293 1581 australis
1318 1542 1368 1580 ad
1392 1542 1540 1580 rivulos
1562 1538 1646 1595 (Ky
1664 1553 1746 1580 exs.
1761 1536 1899 1594 1002).

266 1620 389 1659 Foliis
415 1615 763 1666 amplexicaulibus
780 1612 829 1652 ab
846 1612 1027 1651 affinibus
1049 1611 1248 1658 distincta,
1263 1610 1406 1649 racemi
1424 1609 1731 1647 numerosissimi
1757 1607 1778 1648 1
1799 1605 1898 1662 ²(2-2

209 1681 419 1731 pollicares
442 1675 471 1717 2
496 1677 620 1714 lineas
645 1675 762 1713 diam.
789 1673 870 1721 lati,
895 1670 1108 1722 pedunculi
1128 1670 1265 1709 crebre
1291 1674 1328 1707 et
1353 1668 1590 1708 imbricatim
1609 1669 1818 1718 squamati.

267 1866 324 1910 T.
350 1864 489 1909 laxa
515 1860 675 1917 (Willd.
706 1859 795 1903 Act.
827 1858 954 1901 Acad.
985 1857 1120 1900 Berol.
1153 1855 1286 1910 1812,
1313 1868 1354 1912 p.
1387 1853 1467 1912 8⁶2)
1496 1855 1645 1911 glabra
1671 1854 1817 1898 viridis
1843 1847 1908 1898 vel

211 1920 508 1983 glaucescehs,
543 1919 655 1963 foliis
681 1932 706 1962 a
731 1917 822 1961 basi
850 1924 971 1960 ovato
988 1941 1006 1948 -
1025 1915 1233 1959 rhombea
1259 1913 1448 1957 breviter
1473 1913 1719 1957 decurrenti
1747 1913 1910 1957 acumi-

212 1983 322 2028 natis
350 1981 469 2039 apice
497 1977 803 2034 cartilagineis,
832 1975 1014 2019 racemis
1040 1974 1227 2018 breviter
1252 1973 1549 2030 pedunculatis
1577 1972 1696 2026 laxis,
1726 1972 1910 2024 bracteis

213 2041 407 2098 oblongis
434 2037 597 2082 obtusis
623 2035 841 2094 pedicellis
868 2035 1030 2091 calyces
1057 2034 1310 2091 plerumque
1347 2031 1651 2088 superantibus
1686 2031 1775 2074 fere
1802 2044 1911 2074 sem-

213 2115 291 2159 per
316 2097 604 2150 brevioribUS,
632 2094 782 2153 petalis
808 2100 929 2137 ovato
947 2118 966 2125 -
984 2091 1232 2136 orbiculatis
1258 2091 1430 2133 demum
1461 2089 1644 2143 reflexis,
1674 2089 1792 2147 stylis
1817 2089 1912 2132 bre-

215 2158 399 2204 vissimis
426 2155 633 2208 obovatis‚
663 2154 833 2211 capsula
858 2151 1006 2209 gracili
1033 2152 1230 2207 elongata
1255 2156 1293 2201 5.

276 2230 378 2268 Hab.
412 2228 452 2265 in
488 2226 650 2274 regione
683 2223 749 2262 Cis
777 2227 817 2262 et
848 2221 1187 2261 Transcaucasicfi
1211 2219 1261 2257 ad
1296 2218 1404 2256 littus
1429 2216 1563 2267 Caspii
1588 2221 1626 2256 et
1659 2218 1909 2257 interioribus

217 2289 393 2340 (Stevenl
416 2282 621 2338 Buhsel),
647 2284 687 2321 in
710 2283 820 2321 distr.
844 2281 949 2320 Khoi
975 2292 1086 2330 prov,
1109 2278 1355 2327 Aderbidjan
1378 2272 1564 2331 (Szowl)
1602 2281 1641 2316 et
1672 2278 1722 2316 ad
1761 2277 1909 2316 Sserts-

219 2348 318 2389 cbah
340 2346 486 2386 Persiae
509 2347 645 2383 orient.
671 2337 897 2397 (Bungel),
931 2341 969 2379 in
993 2340 1124 2378 littore
1148 2337 1328 2378 orientali
1362 2335 1495 2386 Caspii
1521 2338 1571 2375 ad
1593 2335 1710 2375 Novo
1736 2336 1906 2375 Alexan-

221 2407 379 2448 drowsk
405 2406 506 2457 (Kar
524 2403 567 2453 Ξ).

279 2475 441 2525 Species
463 2472 705 2521 longitudine
728 2474 766 2509 et
791 2468 982 2507 densitate
1020 2477 1263 2506 racemorum
1297 2464 1522 2515 variabilis,
1548 2463 1694 2503 racemi
1718 2464 1912 2503 interdum

222 2539 371 2574 tantum
404 2532 712 2582 semipollicares
743 2532 782 2568 et
813 2528 932 2566 flores
962 2528 1000 2564 in
1037 2526 1316 2576 speciminibus
1342 2524 1513 2563 Persicis
1550 2523 1819 2562 Szowitsianis
1842 2524 1910 2562 ali-

223 2594 378 2645 quando
401 2590 480 2633 5-6
502 2591 626 2630 andri.

280 2659 325 2713 β.
368 2654 650 2714 polyslachya
677 2650 841 2709 (Bunge
869 2650 951 2693 loc.
982 2647 1094 2705 cit.).
1133 2647 1306 2691 Racemi
1347 2645 1574 2699 laxissimi,
1610 2645 1803 2703 pedicelli
1841 2644 1912 2688 23

223 2717 355 2760 lineas
383 2728 493 2771 saepe
521 2711 652 2769 longi.
696 2711 741 2753 T.
766 2708 1047 2767 polystachya
1074 2706 1228 2750 Ledeb.
1261 2705 1321 2748 Fl.
1352 2705 1473 2748 Ross.
1504 2703 1559 2758 Il,
1587 2718 1631 2762 p.
1660 2702 1759 2748 433.

282 2789 384 2826 Hab.
407 2787 446 2824 in
471 2786 602 2824 littore
626 2781 804 2822 orientali
829 2779 963 2829 Caspii
986 2778 1037 2817 ad
1058 2777 1173 2817 Novo
1192 2775 1506 2816 Alexandrowsk
1525 2780 1565 2815 et
1585 2777 1624 2814 in
1645 2773 1911 2814 Turkestania

224 2847 376 2888 boreali
399 2846 550 2894 (Bunge
564 2842 607 2896 l).

285 2913 359 2954 Ar.
391 2919 551 2963 Geogr.
577 2909 780 2959 Songaria,
806 2906 951 2946 Sibiria
975 2905 1142 2944 Altaica.
