2021 3235
870 94 953 136 447

136 189 234 227 Hab.
257 189 294 226 in
320 188 505 226 Armenia
536 188 585 225 ad
617 186 925 226 Gumuclikliane
950 184 1158 243 (Bourg!)‚
1183 190 1332 228 Tauria
1353 195 1390 228 et.
1409 192 1586 230 Caucaso
1617 193 1758 245 (MR),

0 301 1 304 Ἰ
77 260 185 297 prov.
211 248 384 296 Talyscli
411 247 620 297 (Holien!).

136 312 172 355 ὃ.
198 311 402 355 Groecum.
426 311 539 353 Folia
558 311 784 354 discoloria
801 325 929 368 supra
947 326 1057 369 srepe
1074 313 1339 356 tuberculata
1357 314 1451 370 pilis
1469 316 1625 371 sparsis
1644 318 1760 359 elon-

75 370 180 427 gatis
216 369 444 422 instructa,
475 371 614 426 sepala
642 370 692 412 ad
721 383 872 413 nervos
907 371 1074 427 longius
1100 378 1252 414 setosa.
1284 372 1427 415 Willk.
1460 373 1539 416 loc.
1570 375 1640 418 cit.
1672 377 1757 419 tal).

77 428 160 471 440
187 428 229 470 B.
260 428 317 471 H.
342 428 533 472 Groecwn
560 428 691 471 Boiss.
722 428 871 484 Diagn.
903 428 992 471 Ser.
1025 429 1067 483 Q,
1089 431 1121 484 Ι,
1142 445 1181 487 p.
1215 429 1285 473 52.
1317 431 1470 474 Forma
1498 432 1763 477 inlermediis

77 487 126 529 ad
155 487 467 543 praecedentem
494 487 723 529 transiens.

133 557 231 595 Hab.
257 558 294 594 in
333 557 523 595 fruticetis
558 558 672 595 siccis
706 556 867 594 Graeciae
896 557 933 593 in
967 559 1163 597 montibus
1189 558 1398 607 Taygeto,
1424 561 1595 609 Parnes,
1636 561 1762 600 Onion

75 616 227 653 Baeotiae
251 610 452 669 (Heldrl),
477 617 648 664 Kyllene
674 621 711 653 et
751 616 944 653 Parnasso
979 616 1170 667 (Orphl),
1196 622 1325 656 monte
1351 618 1551 658 Korthiati
1576 621 1757 660 Macedo-

75 676 146 712 niae
173 674 379 726 (Orpbl),
405 676 533 714 insula
556 675 675 713 Chios
704 667 880 727 (Orphi)
909 675 1093 714 Anatolia
1117 677 1155 714 in
1183 676 1308 726 Lycia
1338 677 1548 730 (Bourg!),
1576 678 1764 729 Bithynia

77 731 273 788 (Wiedem
287 729 331 786 l),
358 734 610 784 cappadocia
636 732 724 789 (Bal
738 729 786 789 l).

132 800 204 840 Ar.
237 807 393 853 Geogr.
429 803 587 851 Europa
614 806 709 842 tota.

134 867 281 908 observ.
303 870 350 908 H.
378 871 548 920 pilosum
574 869 616 908 L.
643 874 680 907 et
701 881 941 908 racemosum
966 870 1012 908 L.
1035 871 1072 907 in
1098 869 1250 910 Graecia
1275 876 1312 909 et
1334 873 1515 921 Byzantii
1550 886 1596 911 ex
1622 875 1759 913 Prodr.

74 927 133 966 Fl.
157 927 304 968 Graecae
320 930 492 968 indicata
512 930 565 968 ibi
583 941 656 967 non
677 935 879 980 crescunt3
896 929 1021 969 Sibth.
1041 936 1079 968 et
1097 930 1174 968 Sm.
1194 943 1264 979 pro
1283 932 1339 970 eis
1357 932 1503 970 formas
1523 934 1570 970 H.
1589 935 1763 984 vulgaris

75 988 234 1027 erronee
252 988 480 1028 habuerunt.

749 1093 913 1150 Species
939 1094 1086 1137 dubia.

133 1218 186 1261 H.
219 1218 530 1276 oliyophyllum
574 1218 739 1275 (Clarke
780 1219 822 1262 in
864 1219 1041 1276 Spreng.
1092 1219 1138 1262 N.
1185 1219 1305 1263 Entd.
1353 1220 1427 1274 ΙΙΙ,
1471 1236 1512 1279 p.
1556 1222 1640 1266 163
1685 1226 1762 1267 sub

81 1275 211 1335 Cis-to)
248 1278 497 1321 fruticosum
533 1278 795 1334 stipulatum,
833 1279 943 1321 soliis
979 1278 1188 1335 petiolatis
1216 1280 1610 1324 ‹jwato-lanceolatis
1637 1296 1762 1325 encr-

76 1335 152 1378 viis
180 1336 341 1379 scabris
370 1337 562 1393 margine
591 1337 807 1390 revolutis,
838 1337 1019 1380 {loribus
1046 1337 1180 1390 (nivis,
1211 1338 1462 1394 pedunculis
1490 1340 1701 1384 unissoris.

134 1406 233 1444 Hab.
257 1406 294 1444 in
319 1406 486 1455 Joppem
513 1407 742 1462 Palaestinae.

816 1584 1018 1633 FUMANA

505 1664 654 1726 (Spaeh
682 1664 780 1711 Ann-
822 1665 889 1712 Sc.
924 1664 1012 1712 Nat.
1053 1664 1118 1723 Vl,
1149 1679 1186 1726 p.
1220 1664 1339 1727 359).

129 1819 247 1877 Calyx
283 1818 310 1862 5
347 1820 528 1876 sepalus.
574 1818 714 1861 Petala
750 1816 791 1860 5.
829 1817 1017 1861 Stamina
1050 1818 1319 1876 pluriseriata
1356 1821 1566 1865 exteriora
1603 1824 1762 1868 sterilia

70 1878 388 1922 moniliI‘ormia.
433 1877 610 1935 Capsula
649 1877 904 1934 incomplete
948 1877 1204 1920 trilocularis
1236 1878 1435 1922 trivalvis.
1482 1880 1654 1925 Semina
1688 1884 1763 1926 tri-

70 1951 181 1993 gona
198 1944 401 1994 anatropa
419 1938 549 1993 raplie
565 1936 746 1995 munita.
768 1935 953 1993 Embryo
970 1936 1285 1980 circumflexus.
1307 1963 1363 1967 —
1382 1937 1634 1984 Suffrutices
1652 1941 1765 1984 ssavi-

76 1995 185 2038 ssori.
1013 2003 1015 2005 '

756 2113 779 2135 ÷÷
812 2114 1084 2163 Exstipulatae.

666 2230 697 2282 †
729 2230 899 2281 Oapsula
923 2230 978 2271 12
1002 2244 1171 2281 sperma.

131 2376 186 2419 F.
215 2378 612 2432 procumbens
639 2377 791 2434 (Dunal
817 2377 861 2421 in
899 2390 966 2422 Dc.
1008 2378 1157 2421 Prodr.
1190 2378 1231 2431 1,
1270 2393 1312 2435 p.
1345 2378 1429 2422 275
1466 2379 1545 2422 sub
1583 2379 1765 2423 Helian-

75 2433 225 2491 lhemo)
256 2435 385 2478 ramis
411 2436 791 2492 procumbentibus
819 2437 1018 2494 adpresse
1046 2437 1285 2494 puberulis,
1315 2437 1426 2481 soliis
1445 2438 1619 2481 alternis
1638 2439 1764 2482 sessi-

72 2491 182 2535 libus
200 2493 636 2551 lineari-subtrigonis
656 2494 814 2551 glabris
841 2495 1040 2538 omnibus
1068 2495 1379 2549 conformibus,
1410 2496 1588 2555 floribus
1616 2497 1688 2539 3-4
1712 2498 1763 2540 ad

74 2550 236 2607 apicem
275 2566 492 2596 ramorum
529 2554 873 2606 subaxillaribus‚
912 2553 1130 2611 pedicellis
1167 2554 1267 2597 solio
1305 2555 1555 2612 aequilongis
1593 2556 1764 2598 demum

73 2610 267 2664 rellexis,
307 2613 412 2669 stylo
440 2625 461 2654 e
493 2612 579 2655 basi
606 2613 711 2656 flexa
739 2619 903 2665 erecto,
943 2613 1179 2656 seminibus
1206 2613 1381 2656 laevibus
1408 2614 1600 2670 ‘capsulae
1639 2614 1766 2657 valvis

74 2665 490 2770 stqissffghaeoemibds
517 2679 554 2721 5.
590 2670 732 2714 Cistus
760 2671 958 2714 Fumana
984 2671 1030 2714 L.
1062 2686 1125 2714 ex.
1156 2679 1291 2728 parte.
1323 2672 1379 2714 H.
1400 2671 1599 2715 Fumcma
1626 2673 1761 2716 Rchb.

95 2759 102 2767 .
165 2733 206 2768 o*
225 2727 266 2770 Ι1.

132 2798 232 2837 Hab.
261 2800 299 2837 in
324 2800 488 2838 collibus
512 2801 627 2839 siccis
653 2801 811 2840 Graeciae
834 2802 873 2839 in
893 2804 1022 2839 monte
1047 2800 1230 2839 Chelmos
1251 2798 1433 2854 (Orphl),
1459 2800 1697 2839 Macedoniae
1716 2802 1766 2839 ad

72 2857 226 2896 radices
267 2860 473 2897 montiuins
509 2860 705 2899 Korthiati
737 2866 774 2899 et
808 2861 934 2898 Athos
968 2858 1103 2910 (Frivt
1139 2855 1313 2911 Orphl),
1351 2860 1544 2898 Anatoliae
1574 2861 1612 2898 in
1640 2861 1763 2909 Lycia
