2021 3235
986 153 1070 197 118

243 245 384 284 Caules
408 244 484 286 25
509 246 721 295 pollicares
747 244 821 285 1-2
846 246 945 293 flori,
970 246 1067 285 folia
1083 248 1130 285 P.
1151 248 1349 296 tenuisolii
1373 247 1442 286 sed
1477 248 1628 286 laeiniae
1656 248 1866 297 tenuiores,

184 306 316 354 petala
338 303 367 344 4
389 306 513 343 lineas
538 306 668 355 longa.
696 305 859 343 Videtur
891 318 914 343 a
941 306 984 344 Ρ.
1011 318 1214 355 argemonia
1240 307 1461 344 distinctum
1487 307 1661 345 caulibus
1699 307 1869 355 pumilis,

184 365 281 402 flore
299 365 459 402 dimidio
486 365 637 414 minori⁷
666 365 826 413 capsula
853 366 999 403 matura
1025 365 1065 416 (a
1087 378 1147 403 me
1174 379 1249 403 non
1273 366 1374 415 visa)
1400 367 1521 413 magis
1545 366 1741 415 elongata.
1767 364 1868 404 Fila-

187 429 316 462 menta
341 436 388 461 ex
410 424 563 473 analysi
587 424 712 462 iconis
739 424 891 462 variant
914 429 1077 473 utroque
1104 426 1225 463 latere
1248 426 1310 463 vel
1334 425 1615 463 unilateraliter
1637 425 1752 463 alata.

246 569 303 611 P.
337 579 658 624 arqemone
691 568 764 624 (L.
796 567 864 625 Sp.
897 567 1009 625 7025)
1047 569 1305 620 setulosum,
1335 568 1447 611 foliis
1473 568 1516 610 in
1549 567 1723 611 lacinias
1751 575 1871 611 acute

187 626 350 669 lobatas
377 626 694 682 pinnatisectis,
723 627 842 668 caule
876 627 1072 683 elongato
1101 634 1265 679 eiecto,
1296 626 1444 682 petalis
1480 628 1676 669 obovato-
1661 626 1873 683 -oblongis

189 684 343 741 pallide
369 684 579 728 coccineis
620 684 863 737 maculatis,
893 686 1065 742 capsula
1101 685 1306 741 oblongo-
1289 685 1542 742 -cylindrica
1581 686 1738 728 clavata
1773 685 1873 728 sctis

189 742 342 786 erectis
383 734 543 799 spaisis
585 742 743 795 obsita,
782 743 899 786 disco
935 750 1107 786 cienato
1145 744 1317 800 capsula
1352 743 1688 800 subangustiori
1728 743 1870 800 stigm

189 800 236 843 5-
241 800 264 843 7
303 807 368 853 Θ.
408 801 540 844 Rchb.
572 801 643 857 fig.
673 800 803 844 4475.

248 871 348 910 Hab.
374 872 412 908 in
439 872 554 910 cultis
578 871 697 909 totius
721 871 879 909 ditionis
904 883 928 909 a
950 869 1122 910 Graecia!
1152 870 1202 909 ad
1224 870 1463 910 Caucasum!
1496 871 1651 922 Syriam
1673 875 1711 911 et
1734 872 1874 910 Palaes-

190 931 310 968 tinam
329 926 521 984 (Boiss!).
546 930 606 968 Fl.
629 941 736 968 vere.

248 997 324 1037 Ar.
357 997 519 1048 Geogr.
544 999 703 1046 Europa
725 997 852 1035 media
877 999 915 1034 et
937 998 1143 1048 australis,
1170 998 1306 1036 Africa
1326 999 1509 1037 borealis.

463 1167 701 1215 ROEMERM
735 1167 882 1229 (Medik
911 1169 951 1216 in
988 1171 1120 1219 Usteri
1154 1170 1253 1218 Ann.
1291 1170 1420 1228 1792,
1459 1186 1497 1233 p.
1534 1171 1622 1230 15).

252 1304 374 1363 Calyx
399 1305 628 1370 disepalus.
660 1305 802 1348 Petala
828 1305 855 1348 4
885 1306 1146 1350 aestivatione
1164 1314 1406 1373 corrugata.
1429 1307 1617 1351 Stamina
1634 1322 1878 1351 numerosa.

195 1363 393 1407 Ovarium
434 1363 622 1417 lineare,
653 1365 758 1428 stylo
784 1364 927 1418 brevi,
956 1365 1225 1421 stigmatibus
1251 1366 1461 1424 capitatis.
1491 1366 1668 1424 Capsula
1695 1366 1882 1409 tenuiter

196 1422 427 1479 cylindrica
466 1422 744 1466 unilocularis
786 1400 1082 1480 siliquiformis
1113 1425 1241 1468 valvis
1277 1424 1324 1468 3-
1329 1425 1356 1468 ί(
1391 1425 1630 1469 dehiscens.
1674 1425 1881 1469 Placentae

195 1481 357 1524 liberae.
388 1481 558 1525 Semina
585 1481 817 1525 exarillata.
824 1509 881 1512 —
908 1482 1062 1526 Herbae
1090 1497 1260 1537 annuae,
1289 1484 1468 1528 floribus
1484 1483 1682 1528 violaceis
1697 1485 1762 1527 vel
1787 1498 1882 1527 coc-

196 1539 344 1583 cineis.

371 1674 396 1698 4*
428 1676 647 1715 Filamenta
669 1675 863 1715 subulata.
887 1675 1046 1725 Siliquae
1065 1677 1178 1725 apice
1202 1689 1280 1715 non
1295 1680 1516 1716 attenuatae.

255 1799 316 1841 R.
349 1796 606 1853 hybrida
633 1796 695 1853 (L.
726 1796 846 1853 Spec.
887 1795 973 1839 724
1011 1797 1090 1840 sub
1121 1795 1395 1854 Chelidonio)
1424 1797 1536 1840 foliis
1564 1797 1628 1840 bis
1654 1797 1718 1839 vel
1745 1802 1811 1839 ter
1839 1796 1883 1839 in

197 1856 373 1899 lacinias
398 1855 583 1898 lineares
610 1854 930 1912 pinnatisectis‚
960 1855 1112 1912 petalis
1139 1856 1452 1909 mediocribus,
1483 1855 1650 1912 siliquis
1676 1868 1802 1912 parce
1845 1861 1885 1897 et

197 1914 384 1958 breviter
410 1913 561 1958 setosis
590 1914 653 1956 vel
670 1914 1038 1970 glabrescentibus
1057 1913 1297 1971 pedunculo
1314 1914 1379 1957 vix
1396 1914 1620 1957 latioribus
1638 1921 1678 1956 et
1694 1914 1884 1971 plerum-

197 1987 279 2030 que
307 1974 440 2015 multo
466 1972 734 2028 longioribus
767 1978 832 2024 O.
865 1972 925 2015 Fl.
957 1972 1090 2016 Graec.
1123 1973 1209 2015 tab.
1241 1972 1340 2016 690.
1371 1973 1422 2016 R.
1453 1974 1639 2030 hybrida
1676 1985 1742 2016 Dc.
1775 1972 1880 2030 Syst.

196 2032 250 2084 ΙΙ,
278 2046 320 2089 p.
352 2030 424 2084 92,
454 2031 504 2074 R.
537 2031 716 2074 bivalvis
744 2044 811 2074 nc.
843 2030 934 2088 Syst
960 2031 1013 2084 ΙΙ,
1044 2045 1082 2088 p.
1113 2030 1168 2074 93
1196 2032 1263 2087 (ex
1288 2046 1402 2089 spec.
1433 2032 1555 2075 heib.
1588 2031 1690 2075 Oliv.
1723 2045 1772 2073 ex
1801 2031 1884 2073 Me-

196 2089 467 2155 sopotamia).
500 2089 729 2133 Glaucium
755 2089 1125 2146 Mesopotamicum
1153 2090 1332 2148 Spreng.
1361 2089 1467 2149 Syst.
1504 2091 1558 2144 ΙΙ,
1586 2104 1627 2148 p.
1664 2088 1765 2133 570.

256 2162 357 2200 Hab.
382 2162 420 2199 in
440 2161 554 2200 cultis
571 2161 689 2198 totius
707 2161 864 2199 ditionis
880 2173 904 2199 a
920 2160 1100 2200 Graecia.
1092 2160 1100 2188 Ι
1127 2162 1177 2199 ad
1195 2175 1304 2210 prov.
1324 2126 1681 2200 Transcaueasicas
1699 2159 1824 2213 (Szow
1838 2158 1883 2211 !)‚

196 2222 441 2262 Palaestinam
469 2218 654 2275 (Boiss!)‚
681 2220 855 2258 Persiam
877 2221 1087 2259 australem
1109 2221 1158 2259 ad
1185 2220 1325 2274 Gere(
1315 2218 1458 2275 (Kyl).
1491 2221 1550 2260 Fl.
1578 2233 1682 2259 vere.

257 2288 395 2329 Petale
415 2288 595 2332 vlolacea
620 2286 726 2329 8-10
750 2289 874 2327 lineas
896 2290 1026 2338 longa,
1053 2289 1262 2338 pedunculi
1288 2291 1406 2329 erecti
1440 2290 1563 2328 rarius
1597 2288 1766 2338 refracti,
1794 2290 1887 2327 setae

196 2349 347 2398 siliquae
372 2350 457 2398 ejus
482 2349 672 2387 diametro
696 2349 910 2387 breviores.

257 2413 331 2454 Ar.
357 2413 519 2466 Geogr.
545 2416 705 2464 Europa
728 2416 949 2465 australior,
975 2415 1109 2453 Africa
1131 2416 1316 2454 borealis

257 2569 318 2611 R.
359 2568 682 2612 orientalis
726 2568 885 2624 <Boiss.
929 2568 1038 2610 Ann.
1078 2567 1141 2610 Sc.
1189 2566 1280 2609 Nat.
1321 2564 1452 2617 1841,
1490 2579 1530 2622 p.
1570 2564 1674 2630 374)
1703 2564 1814 2607 foliis
1842 2564 1885 2607 in

198 2633 417 2682 segmenta
444 2633 586 2669 ovato-
590 2626 774 2682 oblonga
800 2627 941 2669 lobata
965 2627 1029 2669 vel
1045 2626 1216 2669 dentata
1242 2623 1450 2690 pinnatirn
1477 2623 1643 2680 partitis
1659 2624 1723 2666 vel
1741 2622 1882 2676 sectis,

197 2684 348 2741 petalis
374 2685 536 2741 parvis,
568 2684 734 2742 siliquis
769 2685 893 2742 longe
930 2691 971 2727 et
997 2685 1137 2741 patule
1172 2683 1323 2726 setosis
1359 2683 1600 2748 pedunculo
1642 2681 1886 2725 sublatiori-

198 2743 278 2786 bus
306 2750 346 2785 et
381 2744 537 2800 saepius
573 2742 842 2786 brevioribus
882 2749 948 2795 Θ
985 2743 1258 2799 Rhybrz'du
1284 2743 1329 2796 β.
1367 2742 1589 2797 eriocarpa
1615 2753 1683 2784 Dc.
1714 2740 1806 2798 Syst
1831 2740 1884 2793 ΙΙ,

198 2815 239 2858 p.
272 2801 370 2844 122.
402 2801 452 2844 R.
486 2802 728 2858 Scleimperi
756 2802 834 2845 ΡΓ(
827 2803 888 2845 51
919 2802 1009 2844 Bot.
1050 2801 1244 2844 Bemerk.
1307 2799 1385 2842 ,8.
1426 2799 1730 2843 Chelidonium
1759 2799 1886 2841 dode-

197 2861 408 2903 candrum
435 2860 582 2904 Forsk.
615 2860 674 2902 Fl.
710 2860 803 2916 AEg.
834 2875 876 2918 p.
908 2859 1006 2903 100.

257 2931 356 2969 Hab.
381 2931 550 2972 incultis
567 2930 734 2980 AEgypti
749 2931 799 2968 ad
818 2930 1095 2969 Alexandriam
1115 2927 1289 2978 (Samari
1306 2925 1336 2980 ),
1356 2928 1510 2967 Arabiae
1528 2932 1673 2978 petreae
1693 2928 1883 2976 (Schimp.
