2021 3235
897 0 978 15 :uu

87 61 377 118 integerrimis
412 60 592 117 obtusis,
634 59 813 102 floribus
845 59 1079 113 sessilibus‚
1124 59 1273 115 sepalis
1308 58 1585 110 mucronatis,
1628 58 1775 113 petalis

87 119 423 165 fuscescentibus
440 117 827 173 lineari-oblongis,
857 117 1010 175 siliqua
1017 152 1104 160 .....
1145 125 1205 166 26.
1239 116 1294 159 lc.
1316 115 1377 157 Fl.
1398 114 1532 158 Graec.
1564 115 1647 157 lab.
1673 114 1770 158 636.

142 192 242 230 Hab.
268 193 304 229 in
329 190 529 229 maritimis
562 188 723 228 Graeciae
749 190 834 227 loco
859 201 935 226 non
960 193 1094 227 notato
1123 185 1256 242 (Sibth
1272 189 1280 224 !
1296 187 1326 238 ).

145 258 315 307 Pedalis,
340 256 434 295 folia
455 254 529 296 4-5
547 253 712 305 pollices
736 256 854 300 longa
880 253 960 294 5-4
992 256 1114 292 lineas
1139 256 1219 292 lata
1240 253 1388 291 inferne
1415 256 1629 300 attenuata,
1661 252 1777 290 flores

88 317 281 366 subduplo
322 316 492 365 majores
531 316 586 353 eis
628 314 677 353 M.
715 315 840 353 tristis
881 314 1120 362 Helveticae,
1159 313 1213 352 M.
1250 313 1452 351 Valesiaeae
1481 312 1514 350 J.
1541 311 1626 359 Gay
1662 323 1775 359 quam

88 380 266 414 auctores
291 388 377 414 cum
403 376 450 413 ea
474 375 686 423 improprie
713 373 1045 412 combinaverant.
1074 373 1228 421 Sepalis
1252 373 1363 421 apice
1389 373 1426 409 in
1460 382 1682 409 mucronem
1705 382 1770 418 pa-

90 436 210 474 tulum
235 434 472 473 abeuntibus
497 446 520 471 a
546 433 697 472 eaeteris
723 433 1010 481 congeneribus
1035 433 1231 471 distincta.

146 588 214 630 M.
233 587 432 631 tristis
461 586 524 642 (L.
546 586 614 642 Sp.
637 584 721 629 925
744 585 822 628 sub
844 583 1122 640 Cheimntho)
1152 585 1351 641 adpi‘esse
1380 597 1610 627 canescens
1638 596 1776 625 ramo-

90 645 254 688 sissima
291 644 380 687 basi
418 644 736 698 suffi‘utescens‚
774 642 884 686 foliis
910 642 1146 686 linearibus
1174 643 1350 698 integris
1377 643 1440 685 vel
1467 642 1667 698 utrinque
1697 640 1774 683 1-02

89 703 462 756 dentato-lobatis,
491 702 668 746 floribus
696 701 940 755 sessilibus‚
977 701 1128 758 petalis
1154 700 1522 756 lineari-oblongis
1550 699 1687 742 lividis
1714 700 1776 741 vel

88 761 510 818 vinoso-purpureis,
554 760 717 818 siliquis
759 758 991 816 gracilibus
1033 759 1213 816 patulis,
1257 758 1464 814 stigmatis
1506 758 1645 800 tenuis
1687 758 1776 800 basi

89 820 288 877 utrinque
315 820 442 875 gibba
468 820 531 862 vel
558 833 691 862 cornu
719 818 969 862 horizontali
997 821 1119 861 aucta
1155 826 1191 868 26
1208 853 1215 861 .
1262 817 1317 860 M.
1346 818 1483 860 tristis
1511 817 1559 858 R.
1591 816 1658 858 ΒΓ.
1690 817 1770 858 loe.

90 878 159 921 cit.
190 892 230 935 p.
254 877 353 921 ΜΟ.
383 878 441 921 M.
464 878 770 934 coronopifolia
798 889 864 920 Dc.
897 876 1004 934 Syst.
1037 876 1090 929 ll,
1120 890 1160 933 p.
1183 875 1283 919 173.
1315 876 1376 918 Fl.
1397 875 1531 919 Graec.
1563 875 1648 917 tab.
1671 873 1773 917 637.

91 936 219 980 Buxb.
250 936 366 980 Cent.
397 937 451 991 ΙΙ,
482 937 565 980 tab.
597 936 670 991 3⁶2,
699 936 770 993 fig.
804 936 844 978 Ἰ.

149 1007 248 1045 Hah.
275 1007 314 1043 in
354 1006 468 1045 siccis
509 1006 625 1045 totius
665 1005 826 1044 Graeeiae
861 1017 884 1042 a
917 1005 1109 1053 Byzantio
1145 1004 1331 1054 (Noe'l),
1367 1004 1418 1041 ad
1456 1004 1770 1052 Peloponnesum

93 1063 233 1120 (Heldr
250 1067 291 1116 l),
317 1066 413 1104 Asia
435 1065 594 1103 minoris
620 1065 658 1103 in
684 1064 839 1103 Galatia
862 1061 1139 1114 (Tchihi).*Fl.
1163 1067 1299 1102 aestate
1333 1063 1503 1101 ineunte.

148 1133 306 1183 Siliquae
329 1138 509 1182 patentes
532 1134 595 1171 vel
618 1133 773 1172 reflexae
795 1129 933 1184 2755
957 1132 1178 1180 pollicares,
1199 1132 1304 1180 gibbi
1322 1132 1514 1180 stigmatis
1542 1132 1602 1169 vel
1620 1130 1774 1170 brevis-

90 1193 176 1230 simi
198 1194 260 1230 vel
284 1194 321 1230 in
345 1205 462 1232 cornu
488 1196 641 1231 acutum
664 1193 807 1230 lineam
832 1193 991 1242 longum
1016 1192 1218 1230 abeuntes.

148 1259 225 1300 Ar.
257 1259 418 1312 Geogr.
452 1261 675 1312 Lusitania,
702 1261 912 1311 Hispania,
940 1258 1069 1298 Gallia
1102 1260 1304 1308 australis,
1341 1259 1497 1308 Sicilia,
1525 1257 1659 1297 Africa
1698 1257 1774 1295 bo-

94 1321 225 1360 realis.

148 1476 216 1518 M.
250 1473 534 1519 Thessala
574 1472 725 1530 <Boiss.
759 1479 799 1516 et
824 1472 976 1530 Orph.)
1019 1474 1220 1530 adpresse
1261 1473 1549 1525 cincrascens,
1594 1484 1777 1524 ramosa,

91 1532 201 1576 foliis
227 1532 461 1576 linearibus
489 1532 666 1588 integris
694 1533 757 1575 vel
784 1531 985 1589 utrinque
1011 1533 1155 1575 lobulo
1183 1530 1479 1587 irregulariter
1506 1530 1640 1572 auctis
1657 1565 1666 1583 ‚
1702 1529 1779 1571 sso-

91 1591 207 1634 ribus
236 1591 469 1645 sessilibus‚
508 1591 656 1648 petalis
661 1625 765 1644 ......
806 1590 969 1648 siliquis
1002 1590 1260 1647 longissimis
1292 1588 1576 1633 teretiusculis
1604 1587 1777 1640 strictis,

91 1650 285 1751 stigmate
313 1650 366 1692 ob
394 1664 555 1693 cornua
582 1649 727 1693 brevia
754 1648 903 1692 obtusa
931 1663 1101 1693 sursum
1134 1656 1307 1692 curvata
1335 1648 1588 1691 semilunato
1626 1646 1779 1703 siliqua

91 1722 138 1751 su
173 1709 321 1752 latiore
358 1716 419 1758 26.

147 1779 246 1816 Hab.
274 1779 312 1815 in
333 1779 497 1827 ¹regione
520 1778 693 1817 inferiori
728 1777 886 1827 Olympi
911 1777 1093 1816 Thessali
1125 1778 1174 1815 ad
1209 1778 1361 1826 Hagios
1387 1776 1600 1825 Dionysios
1625 1774 1765 1826 (Orpli.

91 1849 174 1877 exs.
202 1836 361 1888 56951)

149 1905 314 1943 Habitus
343 1904 395 1944 M.
427 1904 549 1944 tristis
580 1905 650 1943 sed
684 1905 837 1956 siliquis
873 1904 1271 1954 quadripolliearibus
1304 1907 1342 1941 et
1375 1902 1559 1950 stigmate
1593 1902 1779 1950 specifice

91 1964 276 2003 distincta
300 1964 469 2003 videtur.

708 2149 859 2192 SEmEs
892 2148 935 2191 B.
973 2148 1154 2191 Annuae.

536 2309 559 2331 ÷÷
593 2310 743 2359 Stigma
767 2311 884 2349 dorso
910 2322 985 2349 non
1012 2310 1280 2358 cornigerum.

147 2450 215 2492 M.
232 2448 703 2505 chenopodifolia
718 2448 781 2504 (F.
804 2455 844 2491 et
861 2448 912 2491 M.
931 2447 1021 2492 Ind.
1041 2447 1071 2490 Ι.
1089 2446 1207 2489 Hort.
1227 2445 1395 2500 Petrop.
1418 2457 1458 2500 p.
1476 2441 1550 2499 33)
1573 2443 1777 2499 adpresse

90 2506 358 2550 einerascens
396 2506 555 2564 pumila
588 2507 652 2550 vel
688 2521 815 2564 parce
852 2520 1042 2558 ramosa,
1082 2504 1191 2557 foliis
1229 2503 1268 2546 in
1309 2501 1511 2558 petiolum
1551 2499 1777 2543 attenuatis

88 2565 219 2608 ovatis
251 2566 314 2608 vel
349 2565 542 2622 elliplicis
580 2564 992 2621 repando-dentatis,
1034 2563 1212 2606 floribus
1254 2559 1575 2607 subsessilibus,
1624 2558 1777 2616 petalis

89 2623 227 2678 longis
250 2623 483 2667 linearibus
510 2623 673 2678 lividis,
711 2623 874 2680 siliquis
908 2623 1043 2677 longis
1074 2617 1412 2676 subcompressis
1440 2617 1776 2674 pubescentibus

90 2688 131 2725 et
155 2696 265 2739 saepe
292 2682 843 2738 glanduloso-tuberculatis
870 2681 913 2725 in
945 2681 1098 2737 stigma
1133 2680 1328 2722 conicum
1375 2676 1534 2719 sensim
1576 2683 1774 2719 attenua-

91 2739 143 2784 tis
173 2746 239 2794 Θ.
