2021 3235
1024 127 1109 171 878

228 223 303 267 5-7
333 222 497 279 partitis
523 221 752 277 segmentis
779 220 987 277 profunde
1014 217 1371 269 inciso-dentatis,
1400 216 1615 273 pedicellis
1651 215 1911 272 glandulosis

230 282 428 325 brevibus
455 280 609 323 crassis
635 279 862 322 fructiferis
901 277 1115 329 refractis,
1155 275 1309 333 sepalis
1335 275 1672 330 ovato-oblongis
1698 273 1911 330 quinque-

230 340 387 384 nerviis
414 338 596 382 aristatis
623 339 674 381 ad
702 352 853 381 nervos
880 335 1157 393 glandulosis‚
1179 334 1324 391 petalis
1341 333 1540 377 coeruleis
1567 332 1756 376 obovatis
1775 334 1913 388 calyce

231 400 359 456 duplo
387 397 667 454 longioribus,
697 396 869 439 valvulis
897 393 1018 437 hirtis
1056 401 1115 442 26.
1147 393 1280 436 Rchb.
1313 392 1340 435 f.
1371 390 1501 435 4883.

290 469 390 506 Hab.
418 470 454 505 in
480 468 652 505 dumosis
676 472 713 504 et
736 467 857 514 pratis
883 465 1021 503 Iberiae
1045 461 1182 515 (MB.),
1207 463 1255 500 ad
1279 462 1456 510 Gutgara
1483 461 1637 514 (Hohen
1654 454 1663 498 i
1680 458 1709 512 ),
1734 459 1915 498 Somche-

232 529 295 566 tiae
319 527 516 578 (Eichw.).

292 594 367 633 Ar.
401 600 560 644 Geogr.
595 594 753 641 Europa
777 592 928 638 media,
959 590 1102 628 Sibiria
1126 590 1264 627 omnis.

292 750 351 793 G.
386 744 842 804 asphodeloides
877 743 1038 798 <Willd.
1068 741 1138 799 Sp.
1172 741 1246 795 lll,
1281 756 1323 799 p.
1355 740 1457 798 704)
1493 740 1727 784 rhizomate
1755 740 1916 783 brevis—

233 808 341 851 simo
368 819 601 863 praemorso
628 804 757 846 fibras
784 815 948 845 crassas
975 800 1218 844 fusiformes
1245 800 1410 853 edenti,
1440 801 1558 842 caule
1584 798 1830 842 ascendenti
1856 799 1918 841 vel

232 867 384 909 diffuso
413 864 556 907 foliato
589 876 782 914 ramoso,
821 860 932 903 foliis
967 859 1214 902 orbiculatis
1246 857 1524 902 inferioribus
1552 856 1630 900 7-9
1657 856 1765 907 lobis
1793 871 1919 914 supe-

234 924 421 967 rioribus
449 921 528 965 3-5
555 920 719 978 partitis
746 919 854 962 lobis
891 918 1231 962 cuneiformibus
1267 916 1419 970 trifidis
1460 916 1625 960 laciniis
1665 915 1920 959 inferiorum

233 982 396 1026 obtusis
423 981 694 1037 superiorum
722 976 918 1031 acutatis,
947 976 1163 1033 pedicellis
1190 975 1421 1019 fructiferis
1448 974 1638 1028 deflexis,
1667 974 1819 1031 sepalis
1836 974 1922 1017 lan-

233 1040 410 1085 ceolatis
437 1036 788 1096 quinquenerviis
816 1034 1001 1078 aristatis
1018 1071 1028 1089 ,
1056 1035 1207 1092 petalis
1233 1033 1387 1092 pallide
1413 1033 1613 1077 violaceis
1639 1032 1829 1076 obovatis
1855 1046 1924 1076 ca-

234 1102 326 1157 lyce
355 1099 483 1155 duplo
513 1096 793 1153 longioribus,
822 1093 998 1137 valvulis
1023 1092 1358 1151 pubescentibus
1385 1100 1445 1142 26.
1467 1091 1635 1149 Species
1652 1090 1758 1134 facie
1785 1090 1923 1135 affinis

236 1160 286 1203 G.
318 1156 556 1213 Pyrenaico
583 1169 607 1197 a
633 1168 717 1211 quo
747 1161 887 1196 tamen
914 1151 1058 1196 radice
1075 1188 1085 1206 ,
1124 1151 1359 1196 seminibus
1387 1157 1429 1194 et
1462 1151 1613 1208 petalis
1639 1150 1768 1207 duplo
1795 1150 1924 1207 majo-

236 1217 354 1260 ribus
383 1214 524 1258 statim
551 1212 844 1268 distinguitur.

292 1305 334 1328 α.
364 1282 617 1339 qenuinum.
638 1279 787 1323 Caules
806 1286 845 1322 et
863 1277 972 1321 rami
999 1278 1096 1336 pilis
1123 1277 1280 1335 sparsis
1309 1283 1542 1320 retrorsum
1572 1274 1923 1319 accumbentibus

235 1341 385 1394 obsiti,
417 1339 610 1397 pedicelli
648 1338 863 1381 interdum
905 1336 1168 1394 glandulosi,
1205 1337 1348 1393 sepala
1387 1336 1586 1393 adpresse
1629 1333 1920 1391 pubescentia.

236 1403 336 1445 Icon
362 1398 564 1442 Tournef.
585 1397 687 1455 Voy.
720 1396 775 1450 ΙΙ,
803 1410 843 1453 p.
875 1395 946 1438 14.

297 1472 398 1509 Hab.
424 1471 462 1507 in
488 1469 610 1518 pratis
635 1469 828 1506 interdum
851 1466 1033 1516 humidis,
1057 1466 1254 1505 Messenia
1279 1461 1420 1520 (Heldr
1435 1463 1490 1517 l),
1516 1464 1692 1503 Laconia
1716 1455 1869 1514 (Orph'i
1888 1465 1923 1514 ),

238 1532 383 1570 Eubaea
405 1531 455 1567 ad
476 1529 619 1567 Koumi
648 1519 920 1580 (Vourliclss),
944 1526 1122 1575 Byzantii
1148 1524 1353 1577 (Tournef.
1378 1524 1501 1563 Auch.
1529 1536 1609 1563 exs.
1634 1522 1753 1564 2102
1769 1521 1830 1574 l),
1857 1523 1925 1561 Bi-

237 1591 373 1640 thynia
399 1584 612 1641 (Griseb.),
636 1588 783 1631 Pontus
808 1587 858 1624 ad
882 1586 1073 1624 Samsoun
1098 1584 1305 1636 (Tchiht),
1332 1583 1471 1623 Cilicia
1492 1583 1542 1621 ad
1562 1584 1718 1622 radices
1741 1583 1923 1621 boreales

238 1650 358 1688 Tauri
384 1648 529 1699 (Tchih
545 1642 592 1699 Σ).
620 1647 678 1684 Fl.
703 1645 912 1694 Apr.—Mai.

296 1716 341 1769 β.
371 1712 608 1768 hispidum.
639 1709 787 1753 Caules
813 1716 855 1753 et
881 1708 987 1752 rami
1016 1707 1198 1751 molliter
1224 1707 1407 1765 hispidi,
1440 1706 1639 1764 vpedicelli
1666 1704 1922 1762 glandulosi,

240 1773 381 1830 sepala
408 1770 576 1826 longius
612 1769 738 1811 hirta.
771 1768 821 1812 G.
849 1768 1016 1824 pallens
1045 1766 1127 1809 ΜΒ.
1158 1766 1285 1809 Taur.
1315 1765 1439 1809 Cauc.
1472 1765 1525 1816 11,
1554 1779 1595 1823 p.
1627 1763 1733 1808 138!
1773 1763 1822 1808 G.
1843 1777 1925 1807 cre-

239 1831 463 1888 nophilum
491 1828 624 1871 Boiss.
656 1827 806 1884 Diagn.
837 1826 928 1870 Ser.
959 1825 1070 1879 Vlll,
1098 1839 1139 1882 p.
1172 1824 1270 1868 117.

293 1902 400 1949 ⁴Hab.
426 1901 464 1937 in
488 1899 662 1951 dumosis
684 1899 881 1937 ‘Armeniae
904 1898 955 1935 ad
979 1897 1270 1946 Trapezuntem
1294 1892 1437 1950 (Calvi
1472 1887 1676 1944 Bourgi),
1702 1894 1839 1932 Iberiae
1864 1905 1925 1931 oc-

241 1962 315 2000 cid.
339 1959 473 2008 (Stevi
501 1959 540 1996 in
564 1958 670 1997 herb.
696 1971 761 1997 Dc.
786 1961 825 1996 et
852 1958 1031 2007 Ledeb.),
1056 1956 1196 1995 Libani
1216 1956 1267 1994 ad
1291 1955 1419 1994 fontes
1442 1958 1481 1993 et
1501 1954 1649 1992 rivulos
1675 1949 1827 2006 (Boissl
1849 1950 1921 1990 Bl!

240 2021 307 2070 Ky
332 2032 412 2058 exs.
443 2016 593 2068 ὅξδὶ).

300 2087 520 2134 Analogum
548 2085 588 2123 G.
616 2084 885 2134 asphodeloidz·
905 2095 984 2122 var.
1013 2094 1210 2121 nemoroso
1232 2095 1294 2119 =
1317 2080 1359 2120 G.
1386 2091 1583 2119 nemoroso
1614 2079 1714 2118 Ten.
1741 2079 1844 2127 quod
1869 2081 1927 2116 est

241 2147 357 2185 tertia
381 2145 506 2182 forma
527 2145 675 2193 speciei
696 2144 735 2181 in
758 2143 874 2181 Italia
897 2153 1093 2188 crescens,
1111 2142 1336 2180 indumento
1356 2140 1490 2189 patulo
1505 2139 1596 2189 pilis
1618 2138 1803 2177 brevibus
1820 2138 1926 2186 glan-

241 2205 391 2244 dulosis
417 2204 653 2242 intermixto.

300 2271 375 2311 Ar.
409 2277 555 2322 Greogr
587 2273 701 2311 Italia
730 2271 926 2310 australis.

270 2432 294 2454 ’Ἀ
325 2432 349 2454 ³*
381 2432 555 2470 Valvulae
578 2442 733 2479 rugosae
755 2429 819 2467 vel
843 2428 1029 2467 cristatae.
1056 2426 1213 2465 Semina
1234 2425 1461 2464 tenuissime
1487 2422 1894 2471 lineato-punctulata.

662 2554 694 2606 †
726 2555 900 2592 Valvulae
923 2554 1035 2602 apice
1057 2550 1137 2592 2-5
1163 2551 1273 2600 rugis
1298 2551 1507 2588 instructae.

303 2679 363 2722 G.
396 2679 720 2721 Armenum
749 2676 900 2733 (Boiss.
933 2675 976 2718 in
1003 2675 1157 2730 Bourg.
1189 2673 1245 2729 pl.
1275 2672 1392 2714 Arm.
1431 2670 1545 2726 exs.)
1574 2668 1692 2711 caule
1720 2667 1828 2709 elato
1865 2663 1927 2707 di-

243 2735 459 2779 varicatim
490 2734 777 2778 ramosissimo
805 2734 916 2777 infra
957 2731 1261 2776 dichotomiam
1298 2729 1423 2772 infer.
1461 2728 1576 2771 nudo
1611 2732 1846 2768 retrorsum
1888 2728 1929 2765 et

245 2796 443 2851 adpresse
471 2794 679 2846 setuloso‚
709 2793 819 2836 foliis
861 2791 1011 2848 amplis
1041 2791 1240 2847 adpresse
1268 2787 1464 2832 setulosis
1490 2784 1768 2828 inferioribus
1794 2789 1927 2845 trans-

246 2866 364 2894 verse
391 2852 612 2895 latioribus
651 2851 738 2894 basi
781 2852 863 2893 late
900 2849 1082 2893 cordatis
1118 2849 1170 2891 ad
1208 2847 1261 2904 ³]⁴
1301 2843 1658 2903 quinquepartitis
1699 2847 1927 2896 segmentls

247 2910 464 2953 rhombeis
492 2909 637 2953 incisis
664 2916 784 2952 acute
812 2916 853 2952 et
878 2921 1023 2964 grosse
1042 2906 1239 2959 dentatis,
1269 2903 1563 2962 superioribus
1590 2897 1922 2956 triangularibus
