2021 3235
879 111 966 154 4533

132 269 192 313 R.
220 268 509 324 pruinosa
536 267 642 323 (Del.
674 267 734 310 Fl.
766 268 838 324 Eg.
870 283 910 325 p.
950 269 1015 327 15)
1044 277 1130 314 tota
1157 275 1607 330 asperulo-muricata,
1638 281 1756 323 caule

75 327 237 380 stricto,
265 326 376 370 foliis
403 325 552 381 rigidis
578 326 994 370 lineari-lanceolatis
1022 328 1197 385 integris
1214 332 1358 388 paucis
1378 336 1574 378 ternatim
1593 337 1754 391 incisis,

74 385 251 429 floribus
277 384 526 428 brevissime
549 385 810 441 pedicellatis
828 400 1045 429 racemum
1066 388 1256 432 strictum
1275 391 1450 434 densum
1473 394 1757 449 spicisormem

74 443 372 497 formantibus,
402 442 555 500 sepalis
582 443 1035 501 lanceolam-oblongis
1062 448 1263 491 corollam
1292 451 1581 506 aequantibus,
1612 456 1759 509 petalis

75 502 367 560 superioribus
394 501 684 559 multipartitis
710 502 890 545 lacinula
919 505 1092 547 centrali
1118 506 1299 563 longiori
1319 509 1494 552 obovata
1513 511 1757 556 lateralibus

75 560 386 613 minutissimis,
416 561 587 617 capsula
613 561 758 604 stricta
783 561 988 618 papillosa
1015 563 1437 620 cylindrico-clavata
1465 574 1658 613 truncata
1687 586 1759 614 ore

76 622 221 677 aperta
248 621 317 675 ΕΖ).

134 690 234 728 Hab.
261 691 298 726 in
332 690 497 727 desertis
520 689 688 737 AEgypti
724 690 773 726 ad
797 689 1075 728 Alexandriam
1107 689 1231 743 (Del.)
1259 697 1296 731 et
1318 694 1430 733 Kene
1456 696 1609 746 (Sieber
1626 691 1634 735 !
1652 700 1680 746 ),
1714 700 1762 737 ad

78 761 182 787 mare
206 749 379 787 Rubrum
403 748 572 800 (Husson
590 746 643 799 ἔ),
665 750 703 785 in
729 750 877 787 Arabia
902 750 1038 798 petrea
1063 752 1111 788 ad
1134 750 1257 790 Ouadi
1284 753 1392 792 Useit
1417 752 1549 806 <Boiss
1566 756 1615 807 !)‚
1635 759 1670 795 in
1690 759 1762 796 dc—

76 812 180 848 serto
204 809 420 847 Palaestinae
444 809 683 847 contermino
707 807 860 858 (Boissl
876 809 905 859 ).
934 809 991 847 Fl.
1018 822 1122 848 vere.

135 961 461 1016 R-Bunqei,
499 959 690 1002 caulibus
726 960 846 1003 elatis
880 960 1058 1003 ramosis
1086 962 1265 1018 glabris,
1304 965 1415 1009 foliis
1442 967 1765 1023 papilloso-sca-

76 1017 210 1062 bridis
243 1018 421 1075 integris
447 1018 491 1061 in
524 1018 727 1074 petiolum
755 1019 982 1062 attenuatis
1000 1019 1406 1077 oblongo-obovatis,
1436 1026 1765 1083 racemislongis

76 1076 388 1131 densiusculis,
416 1076 622 1133 pedicello
649 1076 744 1120 flori
771 1077 1031 1135 aequilongo,
1061 1080 1213 1136 sepalis
1241 1083 1582 1140 ovato-oblongis
1609 1088 1764 1130 corolla

76 1135 439 1192 sublongioribus,
467 1136 707 1192 petalorum
735 1136 1006 1193 superiorum
1043 1137 1196 1181 lamina
1237 1139 1281 1183 in
1308 1141 1482 1185 lacinias
1511 1152 1685 1200 anguste
1713 1145 1763 1187 li-

74 1207 224 1237 neares
250 1193 327 1237 23
353 1194 525 1252 partita,
555 1195 728 1251 capsula
754 1194 918 1238 minuta
945 1195 1232 1251 glabriuscula
1258 1198 1323 1241 vix
1351 1200 1533 1256 stipitata
1562 1203 1762 1246 obovato-

74 1252 328 1309 subglobosa
346 1266 419 1296 ore
446 1259 642 1296 truncato
670 1254 899 1296 constricto
928 1253 1224 1309 subedentulo,
1255 1257 1488 1303 seminibus
1516 1260 1660 1304 nitidis
1688 1264 1760 1318 Θ.

136 1324 236 1362 Hab.
261 1325 299 1361 in
337 1324 473 1362 Persia
497 1325 597 1362 inter
632 1325 800 1373 Ispahan
826 1329 863 1363 et
887 1325 1069 1362 Teheran
1103 1330 1141 1364 et
1174 1328 1210 1364 in
1247 1330 1403 1377 regione
1430 1333 1612 1370 montana
1636 1344 1759 1382 prope

76 1382 281 1422 Sebsewar
302 1395 415 1432 prov.
431 1384 662 1421 Khorassan
686 1385 839 1434 (Bunge
855 1386 897 1435 1).

134 1450 271 1488 Planta
299 1447 436 1504 1-11]2
462 1450 626 1500 pedalis,
654 1451 799 1490 racemi
825 1452 977 1489 demum
1002 1450 1079 1491 6-9
1102 1454 1333 1504 pollicares,
1363 1457 1531 1505 capsulae
1554 1455 1688 1510 2¹s,-5
1714 1459 1758 1496 li-

78 1521 173 1548 neas
198 1510 336 1557 longae.
358 1511 499 1548 Differt
522 1523 544 1547 a
564 1510 605 1548 R.
631 1511 876 1561 microearpa
901 1507 1069 1560 capsulis
1092 1524 1171 1550 non
1195 1513 1378 1562 stipitatis
1406 1520 1443 1554 et
1467 1518 1677 1556 seminibus
1695 1519 1758 1557 lae-

79 1570 203 1617 vibus,
224 1570 304 1608 aR.
323 1571 519 1609 bracteam
537 1570 697 1609 floribus
713 1571 831 1619 duplo
857 1571 1070 1620 majoribus
1093 1584 1167 1609 non
1190 1574 1402 1623 sessilibus,
1429 1588 1451 1612 a
1479 1575 1524 1614 R.
1553 1577 1758 1617 Bulzseand

76 1629 238 1678 capsula
262 1631 520 1669 subedentula
546 1634 584 1668 et
607 1631 753 1668 semine
778 1630 998 1679 laevissimo,
1024 1642 1046 1667 a
1070 1630 1115 1669 R.
1139 1630 1306 1671 Auclcerz'
1338 1634 1543 1673 filamentis
1567 1649 1642 1674 non
1667 1650 1753 1686 per-

74 1688 318 1740 sistentibus,
346 1689 514 1738 denique
536 1690 585 1728 ab
611 1690 788 1728 omnibus
813 1690 1020 1737 speciebus
1044 1689 1306 1731 Orientalibus
1331 1695 1497 1742 agminis
1517 1697 1655 1743 petalis
1674 1700 1754 1735 tan-

72 1751 152 1785 tum
175 1746 254 1788 2-5
277 1749 433 1797 partitis
458 1760 533 1798 quo
559 1748 785 1787 charactere
808 1748 852 1787 R.
878 1747 1065 1798 Alphonsz'
1088 1750 1309 1789 Africanam
1336 1753 1467 1792 refert.

130 1901 191 1944 R.
223 1902 652 1957 macrobotrys,
670 1907 758 1944 tota
784 1908 825 1944 et
851 1902 902 1944 ad
930 1914 1071 1945 ramos
1097 1902 1307 1947 floriseros
1334 1904 1592 1949 creberrime
1620 1908 1752 1964 papil-

71 1957 401 2012 lari-muricata‚
431 1961 551 2003 caule
579 1960 689 2003 elato
717 1966 859 2003 erecto
887 1959 1029 2003 stricte
1058 1961 1347 2005 ramosissimo
1376 1963 1589 2020 ramisque
1616 1965 1753 2021 virga-

70 2015 140 2070 tiS,
183 2017 293 2061 foliis
329 2018 485 2061 strictis
522 2018 662 2075 parvis
699 2018 860 2073 glaucis
892 2018 1346 2075 oblongo-lanceolatis
1374 2022 1664 2078 superioribus
1691 2026 1753 2067 vel

69 2075 268 2119 omnibus
295 2083 472 2131 anguste
499 2076 751 2130 linearibus,
782 2076 986 2134 pedicello
1013 2077 1117 2119 flore
1144 2078 1426 2131 subbreviori,
1458 2081 1636 2124 racemis
1654 2083 1750 2125 lon-

68 2132 254 2189 gissimis
288 2134 555 2189 laxiusculis,
599 2135 750 2191 sepalis
786 2134 1127 2191 ovato-oblongis
1177 2136 1548 2193 albo-marginatis
1583 2141 1750 2184 corollae

68 2192 421 2250 subaequilongis,
450 2193 567 2237 disco
621 2207 743 2236 arum
763 2193 1021 2246 excentrico,
1048 2194 1287 2249 petalorum
1306 2196 1575 2252 superiorum
1594 2198 1750 2242 lamina

67 2263 211 2307 ungue
239 2251 424 2295 breviori
452 2252 495 2294 in
533 2251 580 2294 7-
648 2251 825 2295 lacinias
861 2251 1323 2308 oblongo-spathulatas
1359 2255 1528 2310 partita,
1570 2257 1749 2312 capsulis

68 2308 241 2353 minutis
268 2310 454 2366 globosis
482 2310 711 2354 trisulcatis
738 2324 812 2354 ore
839 2311 957 2353 valde
984 2310 1223 2354 constrictis
1250 2311 1434 2355 breviter
1460 2313 1639 2356 dentatis
1674 2315 1751 2370 Q?

129 2381 231 2420 Hab.
256 2381 294 2419 in
319 2381 456 2420 Persia
480 2382 582 2420 inter
606 2381 714 2419 Yezd
740 2386 778 2420 et
797 2380 965 2431 Ispahan
990 2384 1028 2418 et
1051 2392 1172 2429 prope
1194 2382 1363 2431 Ispahan
1381 2384 1533 2431 (Bunge
1549 2383 1589 2434 l).

125 2448 264 2488 Planta
286 2448 361 2490 2-5
392 2450 546 2499 pedalis
567 2451 630 2488 vel
655 2451 872 2498 procerior,
899 2449 1043 2488 racemi
1068 2450 1224 2488 tandem
1251 2451 1562 2502 sesquipedales,
1587 2453 1749 2501 capsula

65 2506 254 2548 diametro
281 2510 346 2548 vix
368 2507 396 2548 2
420 2510 545 2548 lineas
568 2509 662 2548 lata.

123 2646 183 2689 R.
215 2646 521 2691 bracteata
562 2645 713 2702 (Boiss.
745 2644 891 2700 Diagn.
923 2643 1012 2687 Ser.
1043 2644 1077 2697 Ι,
1105 2643 1175 2697 Vl,
1206 2658 1245 2701 p.
1277 2643 1349 2693 22)
1390 2645 1573 2687 breviter
1608 2647 1745 2703 papil-

64 2702 369 2748 loso-scabrida
395 2704 486 2748 basi
514 2703 821 2757 famosissima,
860 2702 969 2745 foliis
1003 2702 1202 2745 omnibus
1238 2704 1298 2745 vel
1333 2703 1606 2747 inferioribus
1634 2704 1742 2747 inte-

64 2761 151 2817 gris
178 2762 656 2820 oblongo-spathulatis‚
691 2761 854 2805 caeteris
881 2767 1059 2816 anguste
1086 2768 1125 2802 et
1152 2760 1349 2803 ternatim
1378 2761 1538 2815 incisis,
1567 2762 1744 2806 floribus

64 2819 252 2864 minimis
286 2821 586 2865 subsessilibus
625 2833 840 2864 racemum
875 2819 1050 2874 longum
1086 2819 1264 2862 densum
1303 2818 1590 2875 spiciformem
1626 2820 1743 2876 apice

1446 2908 1489 2944 28
