2021 3235
967 165 1049 209 759

163 269 247 312 qua
271 255 361 298 basi
386 255 590 316 ptrinque
617 258 795 313 squama
820 256 1116 312 longitudinali
1148 258 1455 315 submarginali
1485 261 1696 305 fimbriata
1722 264 1844 306 s'emi-

163 314 316 357 adnata
331 321 468 357 aucta.
499 313 686 357 Stamina
712 327 942 358 numerosa
969 314 1011 358 in
1037 316 1267 373 phalanges
1294 317 1320 359 5
1346 318 1491 374 petalis
1518 320 1729 377 oppositas
1755 321 1844 364 basi

163 379 361 426 connata,
381 373 538 415 annulo
565 386 745 416 carnoso
772 373 905 416 ovarii
931 374 1054 417 basin
1077 374 1272 431 cingente
1291 376 1461 419 inserta.
1492 376 1688 420 Ovarium
1705 387 1847 435 penta-

163 430 532 487 gono-globosum.
562 430 665 488 Styli
693 430 718 473 5
744 431 979 475 filisormes.
1012 432 1218 477 Placenlae
1246 434 1513 491 septiformes
1540 435 1641 479 4-10
1668 438 1844 481 ovulatae

163 503 186 532 a
212 489 301 532 basi
331 496 480 533 erectae
507 496 549 532 et
579 489 622 532 in
657 489 774 547 apice
817 490 1006 533 cavitatis
1047 491 1181 535 affixae
1222 500 1423 536 caeterum
1467 493 1625 537 liberae.
1670 494 1848 551 Capsula

164 546 435 605 cartilaginea
474 547 603 591 valvis
643 547 670 590 5
710 548 1038 606 persistentibus
1079 550 1252 593 demum
1294 551 1459 594 reflexis
1518 551 1686 595 Semina
1715 567 1849 609 pauca

163 619 318 650 crassa.
341 606 624 660 —Frutices,
653 607 807 664 saepius
835 607 1076 651 suffrutices
1103 609 1241 664 glauci
1271 610 1564 663 famosissimi,
1594 610 1692 654 folia
1711 611 1847 654 coria-

165 678 238 708 cea
265 665 325 708 vel
353 678 534 708 carnosa
559 672 775 723 punctata.

607 848 629 870 ἃ
663 849 775 888 Folia
800 851 956 889 sessilia
981 852 1069 890 basi
1093 864 1169 890 non
1194 856 1407 891 attenuata.

160 989 192 1041 †
222 991 399 1028 Bracteae
421 994 548 1028 ovatae
580 990 858 1030 subcucullatae
891 993 929 1030 in
956 994 1200 1032 involucrum
1231 996 1462 1033 obconicum
1493 995 1680 1044 adpresse
1714 998 1849 1035 imbri-

337 1053 444 1096 catae,
469 1051 518 1088 ab
546 1051 690 1089 infimis
714 1052 765 1089 ad
787 1052 1012 1100 superiores
1038 1054 1182 1091 sensim
1207 1057 1342 1102 auctae,
1369 1055 1518 1102 calycis
1541 1056 1849 1104 quinquepartiti

336 1109 487 1147 laciniis
512 1110 673 1148 similes.

218 1258 278 1301 R.
296 1257 523 1302 Oxiana
548 1258 721 1314 (Ledeb.
752 1258 796 1301 in
823 1258 981 1302 Eichw.
1013 1258 1132 1316 Casp.
1163 1275 1204 1317 p.
1236 1260 1308 1314 38,
1338 1261 1422 1303 tab.
1449 1259 1504 1303 39
1531 1261 1610 1304 sub
1637 1260 1850 1305 Eichwal-

160 1316 250 1373 dict)
292 1315 456 1372 glabra,
500 1317 630 1360 ramis
665 1317 887 1370 tortuosiS,
930 1317 1040 1361 foliis
1082 1319 1219 1375 longis
1263 1319 1575 1362 remotiusculis
1616 1319 1849 1363 linearibus

160 1373 520 1431 tereti-depressis
541 1375 859 1427 obtusiusculis,
892 1377 1070 1419 racemis
1089 1377 1288 1420 brevibus
1306 1377 1569 1435 paucissoris,
1598 1378 1849 1433 pedunculis

158 1432 264 1476 flore
291 1433 575 1489 longioribus,
604 1434 784 1478 floribus
811 1435 901 1478 basi
922 1435 1031 1478 foliis
1057 1436 1203 1492 paucis
1220 1436 1438 1479 involucro
1458 1450 1567 1493 saepe
1584 1437 1848 1492 longioribus

159 1491 358 1544 suffultis,
393 1492 576 1536 bracteis
603 1493 841 1550 calycisque
867 1494 1033 1537 laciniis
1060 1494 1447 1538 ovato-orbiculatis
1474 1495 1651 1551 abrupte
1680 1509 1848 1539 mucro-

159 1549 333 1603 nulatis,
362 1551 511 1607 petalis
537 1552 732 1608 oblongis
756 1552 1097 1610 subaequilateris
1114 1553 1156 1596 in
1176 1567 1363 1609 unguem
1382 1553 1624 1606 attenuatis,
1657 1554 1847 1597 filamen-

159 1609 213 1653 tis
240 1608 332 1652 basi
359 1609 537 1666 integris
563 1619 602 1660 5.

215 1682 315 1720 Hab.
342 1683 380 1720 in
404 1683 572 1721 desertis
597 1684 713 1721 salsis
739 1684 880 1721 littoris
912 1684 1112 1722 orientalis
1135 1685 1252 1722 maris
1277 1683 1411 1732 Caspii
1437 1685 1485 1722 ad
1513 1684 1645 1722 Sinum
1672 1684 1847 1723 Balchan

158 1740 312 1791 (Eichw
327 1739 374 1795 i),
401 1742 438 1779 in
462 1742 728 1780 Turkestania
745 1742 887 1793 (Lehm
902 1743 910 1781 ἔ
925 1744 958 1791 ),
994 1744 1032 1781 in
1056 1755 1167 1792 prow
1194 1743 1422 1782 Kliorassan
1448 1744 1591 1782 Persiae
1613 1742 1791 1793 (Bunge!
1813 1744 1842 1794 ).

156 1800 215 1839 Fl.
245 1801 333 1839 Jun.

215 1867 409 1907 Suffrutex
441 1868 596 1906 humilis
629 1873 852 1917 tortuosus,
880 1869 974 1908 folia
1012 1868 1081 1908 1-1
1108 1867 1160 1921 ¹s2
1192 1870 1355 1918 pollices
1381 1871 1500 1918 longa
1524 1869 1594 1909 1-1
1621 1866 1679 1922 ¹s2
1706 1871 1846 1907 lineam

156 1927 246 1975 lata,
273 1929 442 1966 bracteae
468 1928 691 1976 superiores
730 1934 768 1967 et
803 1929 955 1968 laciniae
980 1929 1121 1967 lineam
1148 1929 1242 1968 circ.
1272 1929 1408 1977 longae.
1436 1930 1480 1966 In
1513 1929 1587 1968 hac
1609 1930 1740 1977 specie
1764 1930 1846 1967 fila-

157 1990 286 2024 menta
319 1987 523 2026 manifeste
562 1988 828 2037 pentadelpha
860 1993 947 2027 sunt
971 1993 1009 2028 et
1032 1989 1070 2026 in
1094 1988 1327 2037 unaquaque
1353 1988 1534 2037 adelphis}
1568 1989 1649 2026 basi
1672 1984 1846 2027 breviter

157 2050 324 2084 connata
344 2050 386 2085 ut
413 2047 451 2084 in
476 2046 564 2085 aliis
589 2047 797 2095 speciebus
821 2050 990 2098 generis,
1020 2047 1264 2087 Eichwaldia
1288 2048 1405 2096 igitur
1427 2059 1451 2085 a
1469 2047 1705 2087 Heaumurid
1730 2059 1844 2097 gene-

158 2105 236 2144 rice
264 2118 340 2144 non
362 2107 586 2155 separanda
607 2110 679 2144 est.

216 2289 276 2331 R.
303 2288 592 2333 fruticosa
617 2287 781 2344 (Bunge
808 2287 851 2329 in
877 2286 1000 2340 litt),
1029 2284 1356 2343 glabra‚·ramis
1384 2282 1595 2348 fruticosis
1624 2283 1840 2347 tortuosis,

159 2346 334 2389 ramulis
361 2347 535 2390 demum
562 2346 680 2403 apice
698 2344 1056 2403 spinescentibus,
1085 2343 1194 2387 soliis
1214 2342 1508 2386 minutissimis
1524 2342 1846 2406 tereti-compla-

157 2404 267 2448 natis
293 2404 566 2448 aculiusculis
594 2405 743 2448 subtus
775 2403 976 2447 carinatis
1007 2402 1097 2454 basi
1131 2401 1361 2451 truncatis,
1390 2400 1577 2464 bracteis.
1609 2400 1844 2464 calycisqua

157 2463 322 2506 laciniis
349 2463 690 2519 ovato-oblongis·
718 2462 988 2505 acutiusculis
1016 2461 1206 2513 muticis,
1236 2458 1384 2516 petalis
1403 2457 1603 2523 ‘oblongis
1630 2458 1843 2515 subaequi-

159 2521 302 2565 lateris
327 2522 370 2565 in
397 2536 585 2578 unguem
615 2521 859 2572 attenuatis,
889 2519 1116 2563 filamentis
1142 2517 1232 2562 basi
1260 2518 1437 2573 integris
1464 2524 1501 2566 5.

217 2594 315 2632 Hab.
343 2595 380 2631 in
405 2595 520 2632 salsis
546 2594 691 2632 Persiae
723 2592 924 2632 orientalis
959 2592 1009 2629 ad
1044 2591 1259 2628 Afselabad
1294 2594 1332 2627 et
1364 2588 1414 2626 ad
1447 2587 1673 2625 fortalitium
1697 2587 1843 2625 Jesdun

160 2654 208 2691 ad
233 2655 329 2692 fines
352 2653 570 2701 Affghaniae
592 2654 744 2702 (Bunge
760 2649 804 2705 l).

217 2721 365 2760 Frutex
388 2722 595 2770 bipedalis,
620 2721 714 2759 folia
734 2721 800 2757 vix
824 2721 965 2758 lineam
989 2719 1121 2767 longa,
1146 2715 1434 2754 infloresccntia
1450 2713 1543 2751 mihi
1562 2714 1707 2761 ignota,
1727 2713 1843 2750 flores

160 2781 276 2831 (quos
301 2781 464 2819 seorsim
490 2785 637 2819 tantum
662 2780 759 2828 vidi)
782 2779 940 2828 magnit.
966 2776 1236 2826 praecedentis,
1261 2785 1393 2812 semen
1411 2774 1575 2812 umbone
1599 2772 1708 2811 brevi
1731 2783 1841 2820 supe-

160 2844 298 2878 ratum.
