2021 3235
1029 123 1111 167 7⁶28

285 224 386 262 Hab.
411 224 448 261 in
483 223 639 271 pascuis
676 222 817 271 alpinis
847 221 989 260 montis
1022 221 1175 270 Velugo
1209 219 1365 257 OEtoliae
1399 217 1569 267 (Sprunt
1600 216 1747 257 Heldr!
1785 218 1907 257 Herb.

224 283 359 321 Norm.
386 281 466 322 711
485 276 530 331 ἶ).

281 350 366 388 Huc
391 362 462 388 nec
484 350 533 388 ad
557 349 597 388 C.
623 353 877 388 tomentosum
900 348 951 386 ob
977 347 1114 384 dentes
1139 346 1311 395 capsulae
1335 345 1509 392 margine
1528 345 1726 383 revolutos
1744 347 1909 392 spectat.

281 434 321 471 y.
341 413 557 469 alpinum.
590 412 743 465 Minus,
772 410 1030 467 glabratum,
1059 409 1159 453 folia
1178 407 1372 452 breviora
1389 408 1638 451 lanceolata.
1673 405 1719 450 C.
1740 420 1915 450 arvense

222 486 308 514 var.
340 472 572 528 alpicolum
600 470 763 514 Griseb.
795 469 906 527 Spic.

282 542 384 580 Hab.
419 543 457 579 in
480 542 637 591 pascuis
662 540 836 589 regionis
859 540 999 587 alpinae
1026 537 1183 587 Olympi
1208 538 1390 577 Thessali
1414 533 1622 592 (Heldrl),
1649 537 1686 574 in
1714 537 1914 576 cacumine

224 601 363 638 montis
386 601 511 639 Athos
537 600 679 652 (Auch.
706 612 788 638 exs.
815 597 904 638 624
921 596 968 652 i).

282 668 490 719 Capsulam
529 670 643 719 hujus
670 670 803 707 formae
826 680 903 706 non
929 668 1007 705 vidi
1043 668 1112 705 sed
1136 679 1219 704 eam
1245 666 1292 704 ad
1319 666 1359 705 C.
1388 666 1677 715 ¹qmmdislorum
1701 677 1774 704 nec
1795 666 1844 703 ad
1871 664 1914 704 C.

226 740 388 768 arvense
413 730 657 768 referendam
682 741 770 766 esse
791 740 868 766 non
895 728 1043 767 dubito.

281 795 356 834 Ar.
390 795 550 846 Geogr.
586 796 800 844 Hungaria.
826 796 1012 834 Banatus.

282 951 337 995 C.
368 962 621 994 arvense
664 949 727 1004 (L.
759 948 878 1005 Spec.
911 947 1014 1004 6028)
1050 949 1190 1004 patule
1219 947 1433 1004 pubescen
1499 947 1637 990 rarius
1675 947 1914 1003 glabratum

223 1008 496 1065 cespitosurn,
526 1007 636 1051 foliis
663 1006 1078 1051 lineari-lanceolatis
1105 1006 1259 1064 planiS,
1288 961 1505 1063 pediceflis
1533 1005 1657 1049 rectis
1686 1005 1917 1049 fructiferis

222 1067 340 1124 apice
367 1066 570 1119 incurvis,
600 1066 783 1110 bracteis
811 1065 1049 1123 sepalisque
1077 1064 1545 1121 oblongo-lanceolatis
1579 1065 1800 1108 latiuscule
1829 1079 1917 1108 sca-

224 1124 624 1181 rioso-marginatis,
654 1125 805 1182 petalis
831 1124 1073 1168 obcordatis
1090 1124 1168 1167 sub
1187 1124 1351 1167 anthesi
1381 1123 1823 1181 recurvo-patentibus
1843 1138 1913 1167 ca-

223 1187 313 1244 lyce
341 1185 469 1241 duplo
497 1184 763 1241 longioribus
789 1183 975 1240 glabris,
1021 1184 1192 1240 capsula
1227 1183 1459 1241 cylindrica
1502 1182 1619 1240 apice
1661 1183 1914 1226 subcurvata

223 1243 420 1346 {engilitis
448 1243 572 1347 νὲἓῑᾷε
600 1243 793 1301 margine
820 1241 1021 1286 revolutis
1049 1250 1085 1292 26
1102 1278 1108 1284 .
1141 1242 1275 1285 Rchh.
1305 1242 1376 1298 fig.
1407 1240 1538 1285 4980.
1559 1269 1617 1273 ——
1646 1241 1694 1286 C.
1714 1243 1913 1285 strictum

263 1339 268 1346 .
328 1317 366 1360 p.
399 1317 439 1360 p.
563 1338 570 1346 .

282 1375 385 1413 Hab.
416 1375 452 1411 in
476 1378 605 1413 monte
631 1374 778 1413 Scardo
805 1373 1045 1412 Macedoniae
1073 1372 1237 1425 (Griseb
1255 1373 1316 1424 i),
1341 1373 1516 1411 Caucaso
1552 1372 1601 1410 ad
1635 1372 1846 1421 Patigorsk
1880 1375 1919 1410 et

226 1435 324 1473 Lobi
350 1434 454 1485 (Hoh
472 1432 518 1485 l).

283 1500 359 1541 Ar.
393 1500 555 1552 Geogr.
591 1502 762 1551 Europa,
790 1500 948 1548 Sibiria‚
973 1499 1155 1539 America
1178 1500 1349 1539 borealis
1376 1503 1414 1538 et
1437 1500 1633 1538 australis.

286 1660 339 1704 C.
368 1659 639 1715 alpinum
672 1658 734 1714 (L.
765 1656 834 1714 Sp.
866 1655 969 1714 628)
998 1657 1212 1700 hirsutum
1241 1657 1302 1700 vel
1330 1657 1420 1700 laxe
1447 1657 1635 1699 lanatum
1664 1655 1802 1698 rarius
1829 1657 1917 1712 gla-

227 1719 397 1761 brntum
425 1731 608 1774 superne
635 1716 887 1760 viscidulum
905 1751 914 1767 ,
949 1716 1229 1773 cespitosum,
1258 1714 1491 1758 caudiculis
1519 1714 1790 1771 repentibus,
1820 1729 1919 1758 cau-

227 1777 339 1820 libus
381 1776 710 1820 ascendentibus
751 1774 995 1832 paucissoris
1029 1774 1246 1818 sterilibus
1290 1773 1512 1827 rosulatis,
1555 1773 1665 1817 foliis
1706 1773 1917 1830 ellipticis,

228 1835 410 1878 bracteis
446 1835 667 1878 herbaceis
705 1834 942 1892 sepalisque
979 1833 1451 1891 elliptico—lanceolatis
1487 1839 1665 1888 anguste
1702 1832 1918 1886 scariosis,

228 1895 444 1952 pedicellis
472 1894 702 1937 fructiferis
730 1892 1056 1950 patentissimis,
1093 1891 1243 1950 petalis
1269 1892 1395 1935 rectis
1423 1891 1564 1935 bifidis
1591 1891 1750 1948 glabris
1778 1892 1920 1949 calyce

229 1954 357 2010 duplo
384 1953 674 2009 longioribus,
710 1953 881 2009 capsula
918 1951 1151 2009 cylindrica
1177 1952 1318 2009 calyce
1346 1950 1556 2008 subduplo
1582 1950 1774 2007 longiore
1802 1950 1919 2008 apice

229 2015 401 2055 curvata
428 2012 627 2055 dentibus
654 2011 847 2068 margine
875 2010 1161 2055 subrevolutis
1197 2018 1233 2060 26
1250 2045 1258 2052 .
1290 2010 1423 2053 Rchb.
1454 2009 1526 2066 fig.
1557 2007 1686 2052 4977.

288 2085 390 2122 Hab.
417 2085 455 2121 in
479 2084 642 2132 regione
663 2083 797 2132 alpina
821 2082 957 2121 Scardi
985 2082 1222 2121 Macedoniae
1249 2080 1311 2135 (ex
1334 2081 1520 2129 Griseb.).

287 2149 367 2189 Ar.
402 2155 534 2188 Geor.
573 2151 725 2188 Montes
749 2150 917 2198 Europae
943 2150 1120 2199 arcticae,
1164 2149 1308 2197 Alpes,
1354 2148 1556 2197 Pyrenaei,
1599 2147 1732 2187 Sierra
1756 2147 1923 2187 Nevada

229 2212 441 2260 Hispaniae,
468 2211 590 2259 Alpes
617 2210 928 2259 Transylvaniae,
955 2210 1138 2248 America
1161 2209 1320 2248 arctica.

289 2381 343 2424 C.
373 2375 783 2436 gnaphalodes
811 2376 956 2433 (Fenzl
986 2375 1028 2418 in
1056 2375 1261 2431 Russegg.
1284 2373 1395 2417 Reis.
1427 2373 1480 2426 ll,
1501 2387 1540 2430 p.
1572 2371 1696 2430 929),
1716 2371 1921 2416 floccoso-

230 2439 416 2481 lanatum
446 2437 576 2480 dense
603 2435 880 2493 cespitosum,
910 2433 1144 2477 caudiculis
1171 2431 1380 2476 intricatis
1406 2431 1697 2484 filiformibus,
1728 2430 1921 2473 caulibus

228 2496 428 2540 floriferis
454 2494 626 2552 pumilis
653 2493 731 2536 1-5
757 2493 891 2547 floris,
920 2492 1030 2536 foliis
1058 2492 1245 2536 caulium
1272 2491 1482 2535 sterilium
1500 2499 1621 2534 ovato
1640 2490 1702 2533 vel
1720 2489 1920 2546 oblongo-

229 2554 479 2612 spathulatis
506 2553 795 2597 ssoriferorum
822 2551 1073 2605 linearibus,
1103 2550 1287 2594 bracteis
1316 2549 1555 2607 sepalisque
1581 2548 1921 2605 oblongo-linea-

228 2614 346 2656 ribus
374 2612 578 2656 latissime
605 2611 803 2656 scariosis
830 2610 991 2664 nitidis,
1021 2609 1169 2667 petalis
1196 2609 1355 2666 glabris
1381 2608 1573 2652 cuneatis
1597 2608 1752 2652 retusis
1779 2607 1920 2664 calyce

227 2679 346 2729 parte
384 2671 560 2715 dimidia
593 2670 884 2727 longioribus,
921 2670 1094 2727 capsula
1120 2669 1259 2727 calyce
1285 2682 1438 2726 parum
1466 2667 1658 2724 longiore
1688 2665 1921 2725 cylindrica

226 2731 425 2774 dentibus
452 2730 588 2787 planis
625 2738 685 2779 26.

287 2801 387 2838 Hab.
415 2801 451 2837 in
477 2801 636 2847 regione
664 2799 798 2847 alpina
830 2799 950 2836 Tauri
974 2798 1122 2837 Cilicici
1147 2799 1214 2836 alt.
1238 2794 1358 2838 8000
1377 2799 1384 2812 ’
1403 2819 1413 2824 -
1433 2794 1578 2836 9ΟΟΟ’
1623 2795 1702 2846 (Ky
1727 2806 1807 2832 exS.
1833 2793 1917 2833 55!

229 2866 265 2898 et
290 2858 396 2899 127!
424 2860 492 2897 Bal
512 2858 521 2898 ἔ
539 2859 571 2908 >,
612 2860 647 2896 in
672 2862 800 2896 monte
826 2859 967 2906 Argaeo
994 2857 1281 2909 Cappadocicae
1304 2856 1403 2906 (Bal
1422 2856 1478 2906 !),
1506 2857 1544 2893 in
1569 2855 1754 2894 Armenta
1781 2856 1918 2892 rie-rid.

226 2932 351 2970 prope
376 2919 488 2958 Bitlis
509 2919 592 2968 (Ky
617 2930 697 2956 exs
725 2915 874 2968 5242).
900 2917 956 2956 Fl.
982 2923 1064 2956 aest.
