2021 3235
1033 78 1117 122 490

287 204 327 243 y.
361 182 639 239 pari-{florus
669 180 817 224 Caules
845 178 922 222 ’1-3
949 177 1043 220 flori
1070 176 1135 219 vix
1163 176 1461 233 semipedales,
1489 176 1616 220 flores
1643 176 1827 230 minimi,
1856 191 1921 220 ca-

228 243 292 299 lyx
328 240 426 297 372
462 240 592 282 lineas
630 241 803 292 longus,
832 236 990 280 lamina
1025 236 1207 293 calycem
1234 234 1298 277 vix
1327 235 1549 278 excedens.
1581 235 1632 278 D.
1658 235 1921 293 parvifiorus

230 300 363 343 Boiss.
396 299 544 355 Diagn.
575 298 665 341 Ser.
698 298 730 350 l,
759 298 793 351 I,
823 310 863 353 p.
894 295 965 339 Ἡ.

292 372 389 409 Hab.
418 371 454 407 in
480 370 665 407 Armenia
683 367 822 421 (Aueh.
850 378 933 404 exs.
959 363 1045 405 521
1067 357 1110 416 !).

294 560 352 602 D.
373 556 769 602 serratifolius
809 553 962 610 (Sihth.
1006 552 1063 594 Fl.
1104 552 1237 595 Graec.
1268 552 1317 605 V,
1346 567 1388 609 p.
1420 552 1469 605 9,
1500 552 1585 594 lab.
1616 551 1720 609 402)
1749 552 1924 596 caudice

236 617 399 673 lignoso
426 615 540 658 brevi
571 627 737 657 ramoso
765 610 1017 661 multicauli,
1046 610 1155 654 foliis
1184 610 1332 667 rigidis
1360 618 1537 667 anguste
1565 610 1799 654 linearibus
1826 625 1922 654 aeu-

237 668 406 718 minalis
434 673 623 716 elevatim
653 671 864 715 trinerviis
892 669 1084 725 margine
1112 670 1230 713 valde
1258 668 1420 713 scabris
1447 669 1586 712 nervis
1613 670 1734 712 later.
1765 669 1924 725 margi-

236 733 452 783 nanlibus,
483 731 673 775 caulibus
701 730 886 772 tenuiter
912 728 1085 784 virgatis
1113 728 1332 781 unissoris,
1362 728 1562 771 foliorum
1590 728 1745 772 caulin.
1775 728 1928 784 vagina

238 792 369 836 caulis
396 791 525 833 diam.
556 791 685 846 duplo
712 787 894 844 longiori
923 787 1054 829 limbo
1081 786 1332 830 brevissimo
1360 787 1562 844 adpresso
1581 823 1590 835 ,
1621 786 1809 844 squamis
1837 788 1927 844 pal-

238 851 332 899 lide
358 849 554 892 scariosis
586 846 780 902 oblongis
817 845 1010 902 margine
1057 845 1397 889 membranaceis
1434 845 1603 888 mutieis
1640 847 1704 888 vel
1745 846 1930 889 breviter

239 908 500 952 mucronalis
528 909 664 964 calyce
683 906 708 949 Ξ
722 906 774 961 ¹s2
794 907 861 961 plo
881 904 1165 957 brevioribus,
1195 904 1349 962 calycif
1369 904 1487 961 apice
1506 904 1710 947 attenuati
1730 904 1930 949 dentibus

240 966 510 1014 lanceolatis,
541 965 695 1008 lamina
723 964 875 1021 pallide
904 967 1025 1007 rosea
1052 963 1202 1006 subtus
1235 963 1486 1006 fuscescenti
1515 964 1924 1020 oblongo-cuneata

239 1033 359 1069 acute
387 1026 556 1068 dentata
583 1026 723 1081 calyce
754 1023 876 1080 triple
904 1022 1092 1065 breviori
1131 1030 1190 1071 26.

297 1097 395 1133 Hab.
431 1095 469 1132 in
505 1095 744 1143 rupestribus
783 1093 946 1131 Graeciae
971 1093 1008 1130 in
1034 1096 1163 1130 monte
1195 1093 1380 1141 Hymetto
1414 1092 1560 1138 (Sibtb.
1593 1087 1745 1141 Sprun!
1777 1093 1922 1131 Heldr!

241 1155 360 1204 Orpli.
389 1155 444 1192 Fl.
471 1153 537 1192 Gr.
566 1166 646 1191 exs.
674 1151 818 1203 176l),
845 1154 895 1191 ad
920 1165 1042 1201 prom.
1068 1153 1227 1191 Sunium
1249 1150 1444 1204 (Sprunl),
1470 1152 1529 1189 Fl-
1552 1157 1635 1190 aest.

299 1223 411 1260 Folia
435 1223 568 1261 brevia
604 1221 826 1270 pollicaria,
862 1222 993 1259 caules
1018 1221 1214 1259 numerosi
1241 1221 1423 1269 pedales,
1452 1223 1567 1270 calyx
1612 1218 1636 1259 7
1673 1221 1743 1258 lin.
1772 1221 1925 1269 longua

241 1284 371 1332 petala
389 1283 529 1330 saepius
556 1282 744 1330 profunde
769 1282 939 1319 dentata.

301 1463 358 1505 D.
378 1462 754 1505 floribundus
783 1461 934 1517 <Boiss.
967 1460 1008 1502 in
1037 1460 1185 1503 Tobib.
1217 1460 1286 1502 As.
1320 1459 1418 1516 Min.
1449 1460 1491 1512 I,
1533 1473 1572 1515 p.
1604 1458 1708 1516 0221)
1739 1473 1760 1502 e
1789 1459 1929 1502 rliizo-

242 1527 351 1562 male
378 1520 575 1563 indurato
604 1520 878 1571 multicaulis,
908 1519 1099 1562 caulibus
1119 1517 1649 1576 paniculato-corymbosis
1676 1517 1816 1561 rarius
1838 1519 1932 1561 uni-

243 1579 385 1631 ssoris,
423 1579 532 1621 soliis
569 1579 716 1635 rigidis
745 1586 920 1635 anguste
950 1578 1182 1621 linearibus
1210 1578 1403 1635 margine
1432 1577 1641 1620 scabridis
1668 1575 1746 1619 3-5
1774 1577 1931 1620 nerviis

242 1638 383 1680 nervis
419 1638 665 1681 laleralibus
708 1637 1072 1694 marginanlilnis‚
1114 1636 1294 1680 caulinis
1336 1636 1536 1679 brevibus
1556 1672 1567 1690 ,
1608 1635 1757 1691 vagina
1801 1636 1934 1679 caulis

243 1697 371 1740 diam.
402 1697 585 1754 {equanli
626 1698 683 1739 vel
725 1699 848 1753 paulo
886 1696 1097 1749 breviori,
1142 1695 1330 1753 squamis
1366 1695 1579 1752 adpressis
1616 1694 1784 1752 pallidis
1817 1695 1934 1738 albo-

243 1756 491 1811 marginatis
518 1756 561 1798 in
589 1757 806 1813 cuspidem
835 1756 1006 1798 brevem
1035 1755 1192 1799 sensim
1220 1755 1448 1798 attenuatis
1476 1756 1616 1811 calyce
1644 1752 1726 1809 ⁹272
1756 1755 1825 1810 plo
1843 1754 1936 1797 bre-

244 1815 457 1865 vioribus,
496 1815 648 1872 calycis
685 1822 862 1871 anguste
900 1814 1121 1872 eylindrici
1148 1814 1347 1857 dentibus
1376 1812 1621 1856 lanceolatis
1655 1813 1790 1856 acutis
1817 1813 1936 1856 albo-

244 1875 517 1929 marginalis,
558 1874 717 1917 lamina
753 1874 907 1931 pallide
936 1877 1058 1917 rosea
1086 1874 1227 1931 calyce
1255 1873 1495 1930 quadruplo
1532 1871 1717 1914 breviori
1755 1872 1938 1929 oblonga

243 1933 360 1989 apice
389 1932 429 1975 iu
459 1933 633 1975 lacinias
660 1947 813 1989 paucas
841 1933 1052 1989 profunde
1079 1933 1250 1976 dentata
1288 1940 1348 1980 26.
1386 1932 1433 1974 l).
1465 1932 1715 1988 campestris
1743 1945 1835 1974 var.
1863 1945 1936 1988 pe-

246 1993 347 2035 talis
375 1992 520 2034 incisis
547 1992 692 2048 Bunge
721 1993 776 2048 pl.
807 1991 942 2034 Abieh
970 2000 1017 2034 n⁰
1045 1990 1123 2034 551

304 2063 402 2100 Hab.
426 2064 460 2099 in
486 2063 671 2100 Armenia
687 2064 736 2100 ad
759 2062 886 2099 fontes
906 2063 1046 2100 Araxis
1067 2060 1207 2114 (Tehih
1225 2060 1246 2113 !)
1272 2066 1310 2099 et
1332 2062 1381 2099 ad
1401 2061 1554 2098 radices
1580 2060 1771 2098 australes
1798 2060 1940 2098 montis

246 2122 494 2170 Bingoldagh
519 2123 613 2171 (Ky.
640 2135 720 2160 exs.
748 2120 895 2172 5251),
921 2123 958 2159 in
982 2127 1114 2159 monte
1139 2122 1282 2160 Ararat
1305 2120 1449 2171 (Abieh
1467 2118 1512 2171 i).

306 2189 446 2227 Caules
473 2191 633 2237 pedales
661 2196 698 2228 et
731 2191 943 2239 longiores,
972 2191 1090 2239 calyx
1116 2188 1143 2230 8
1174 2190 1240 2227 lin.
1269 2190 1420 2237 longus,
1448 2188 1569 2226 facies
1604 2187 1647 2226 D.
1682 2187 1878 2227 Anatolioz’
1904 2192 1943 2226 et

245 2249 478 2299 serralisolz'z‘
502 2263 523 2287 a
542 2251 680 2299 quibus
707 2251 834 2288 differt
860 2251 970 2288 caule
998 2250 1203 2288 ramosiori
1228 2254 1264 2287 et
1291 2249 1509 2297 praesertim
1534 2248 1679 2286 lamina
1711 2248 1878 2297 angusta
1903 2248 1942 2285 in

247 2307 327 2348 4-6
350 2310 511 2348 lacinias
535 2310 664 2347 lacera
683 2311 757 2358 qua
781 2312 875 2348 nota
905 2311 954 2348 ad
981 2322 1142 2358 gregem
1166 2309 1474 2348 Fimbriatorum
1498 2308 1663 2346 aceedit.
1693 2308 1823 2346 Facile
1852 2319 1941 2346 eon·

247 2370 419 2407 funditur
443 2382 525 2406 eum
552 2370 594 2407 D.
620 2371 825 2419 campestri
852 2370 994 2407 lamina
1014 2371 1179 2407 barbata
1198 2370 1369 2407 obovata
1388 2368 1573 2405 discolori
1593 2372 1720 2405 tamen
1743 2368 1941 2406 distincto.

304 2434 348 2487 β.
381 2433 687 2489 Bozcryoecmics.
719 2433 871 2485 Minor,
903 2434 1045 2476 caules
1073 2432 1150 2475 1-02
1178 2432 1291 2486 flori,
1321 2432 1436 2489 calyx
1464 2430 1541 2474 6-7
1572 2431 1646 2473 lin.
1680 2432 1849 2487 longus,

311 2503 410 2541 Hab.
437 2504 472 2540 in
500 2504 685 2541 Armenia
709 2504 758 2541 ad
782 2504 965 2540 Erzerum
994 2500 1153 2556 (Tehih.
1174 2504 1227 2552 pl.
1258 2515 1340 2540 exs.
1368 2503 1438 2541 sub
1464 2502 1509 2540 D.
1536 2503 1663 2551 riyido
1682 2500 1729 2555 Γ)
1748 2533 1756 2547 ,
1784 2503 1831 2540 acl
1857 2502 1945 2539 Bai-

252 2564 347 2601 bout
372 2560 536 2613 (Bourpr.
566 2576 645 2600 exs.
673 2565 743 2600 sub
767 2563 811 2600 D.
834 2558 1075 2612 parvisloro!
1097 2563 1124 2611 ).

315 2631 453 2669 Facies
483 2631 527 2669 D.
554 2631 749 2670 Anatolz'cz'
782 2644 862 2670 var.
893 2631 1133 2680 Kolschyani
1172 2631 1242 2668 sed
1283 2631 1501 2680 petalorum
1536 2631 1662 2668 forma
1698 2636 1733 2667 et
1769 2629 1945 2678 squamis

258 2692 466 2728 attenuatis
493 2691 566 2727 huc
593 2692 835 2729 referendus.

317 2775 355 2813 y.
385 2755 632 2809 prui'izosua
664 2755 781 2797 Folia
809 2755 1011 2797 inferiora
1040 2762 1080 2797 et
1106 2755 1247 2797 caules
1274 2753 1352 2796 sub
1380 2754 1491 2796 lente
1511 2752 1946 2810 pruinoso-scabrida.

260 2813 312 2912 ί).
345 2813 541 2913 Nofifymus
570 2814 699 2856 Boiss.
732 2813 878 2869 Diagn,
909 2813 997 2856 Ser.
1032 2813 1085 2865 ll,
1114 2813 1161 2865 V,
1191 2828 1231 2870 p.
1255 2812 1310 2855 502
1338 2826 1421 2855 non
1442 2812 1574 2856 Boiss.
1596 2812 1744 2868 Diagn.
1766 2812 1855 2854 Ser.
1877 2811 1947 2863 111,

288 2906 294 2923 ,
326 2886 364 2928 p.
397 2873 421 2911 li
459 2907 465 2913 .
