2021 3235
933 160 1015 205 705

131 245 312 312 ῐὴυίᾳῑίε·
337 247 473 312 calyce
502 249 954 316 ‘sesquilong-ioribus,
998 256 1167 319 capsula
1202 259 1520 313 ovato-globosa
1565 265 1702 322 calyce
1738 267 1802 310 vix

130 303 331 357 brev1or1,
361 306 596 350 senuuibus
622 308 835 352 subtiliter
864 310 1138 356 tuberculalls
1169 319 1233 365 O.

189 367 289 406 Hab.
314 367 353 404 in
385 366 636 416 Cappadocia
668 372 717 407 ad
750 371 991 419 Euphratem
1030 375 1180 420 (Auch.
1206 388 1287 414 eXS.
1320 375 1429 417 607!
1449 384 1481 428 ),
1525 384 1804 431 Mesopotamia

131 420 547 538 ἓίέτξεὲἃξίὃέιῇῖεγνίἃ
565 428 604 465 in
628 429 777 468 fissuris
802 431 954 480 rupium
980 432 1123 471 deserti
1148 435 1246 473 inter
1271 434 1365 474 Orfa
1390 443 1426 475 et
1451 438 1598 478 Sucrek
1621 440 1699 494 (Ky
1725 456 1804 484 exs.

190 516 329 583 131anta
349 543 426 584 25
450 545 663 596 pollicaris‚
690 546 783 585 folia
806 548 917 587 infer.
943 548 1019 588 5-4
1042 551 1164 590 lineas
1186 553 1279 603 lata,
1302 554 1453 593 floralia
1477 557 1668 605 breviora,
1696 563 1808 611 calyx

129 604 272 642 lineam
297 604 452 643 circiter
473 605 628 654 longus.
662 606 801 645 Facies
825 606 870 645 A.
895 614 1148 648 controversae
1173 616 1212 649 et
1232 613 1425 662 modestae,
1452 627 1475 652 a
1498 619 1805 664 praecedentibus

132 663 314 702 foliorum
338 662 463 701 forma
486 663 652 703 diversa.

190 720 275 761 obs.
306 720 349 760 A.
371 723 531 761 sordida
554 723 702 763 Chaub.
726 724 785 763 Fl.
814 725 949 775 Pelop.
980 733 1024 764 n0
1049 726 1159 775 699,
1183 731 1261 769 tab.
1285 729 1358 779 24,
1382 735 1447 781 fig.
1476 735 1505 773 Ι.
1522 748 1581 771 z
1602 736 1646 774 A.
1673 750 1806 777 emar-

128 782 266 831 9inata
289 784 396 820 Brot.
415 796 474 820 =
494 782 540 821 A.
566 784 700 822 conica
732 785 858 823 Boiss.
884 786 983 835 Voy.
1009 787 1104 836 Esp.
1137 792 1178 826 ut
1202 794 1241 827 et
1271 790 1315 829 A.
1345 790 1531 841 Gousseia
1552 793 1699 835 Chaub.
1729 800 1804 836 loc.

130 842 193 879 cit.
221 847 265 879 n⁰
294 839 392 892 701,
414 844 491 881 tab.
515 841 586 893 24,
611 845 675 892 fig.
694 842 734 887 2,
761 844 953 883 immerito
979 850 1013 884 et
1039 858 1085 883 ex
1110 848 1335 887 confusione
1353 852 1622 892 schedularum
1641 856 1811 894 herbarii

128 900 287 939 Fauche
312 902 349 938 in
375 900 529 940 Graecia
552 902 785 942 indicantur.
812 905 923 942 Prior
948 905 985 942 in
1009 905 1200 954 Hispania
1223 910 1394 958 australi,
1415 913 1609 959 posterior
1626 915 1662 952 in
1682 914 1813 953 Gallia

129 960 416 998 mediterranea
439 965 586 999 tantum
611 962 809 1011 hucusque
835 964 945 1002 lectae
968 964 1135 1003 fuerunt.

643 1115 921 1165 STELLARIA
958 1117 1016 1180 (11.
1049 1119 1144 1168 Gen.
1185 1120 1304 1182 568).

185 1259 305 1318 Calyx
333 1260 359 1304 5
387 1261 626 1318 (rarissime
652 1261 698 1319 4)
727 1263 908 1319 sepalus.
933 1263 1072 1307 Pelala
1089 1264 1219 1308 bifida
1238 1268 1300 1309 vel
1318 1266 1530 1324 bipartita.
1552 1269 1738 1314 Stamina
1757 1272 1810 1315 10

128 1319 288 1375 (rarius
315 1320 536 1377 pauciora)
566 1320 787 1379 hypogyna
813 1323 878 1364 vel
904 1322 1020 1366 disco
1048 1324 1242 1379 elongato
1260 1325 1479 1383 perigyna.
1501 1327 1600 1385 Styli
1620 1328 1646 1372 3
1665 1330 1812 1386 (raris-

126 1377 231 1420 sime
259 1377 317 1433 2).
347 1378 554 1421 Ovarium¹
571 1379 692 1422 multi
718 1381 781 1422 vel
808 1380 1167 1437 pauciovulatum.
1197 1382 1374 1439 Capsula
1401 1384 1452 1427 ad
1478 1386 1544 1428 vel
1579 1387 1689 1430 ultra
1727 1402 1811 1431 me-

123 1435 241 1479 dium
281 1435 307 1479 6
339 1437 556 1480 rarissime
591 1436 619 1480 4
653 1438 794 1481 valvis.
825 1438 994 1482 Semina
1025 1453 1110 1483 non
1142 1440 1305 1484 arillata
1337 1443 1586 1488 reniformia
1618 1460 1640 1488 a
1675 1447 1803 1490 latere

126 1494 535 1595 {lubcompressa—
562 1495 714 1539 Herbae
741 1497 895 1554 saepius
921 1504 1079 1541 tenerae
1106 1498 1286 1553 diffusae,
1315 1514 1467 1544 annuae
1496 1504 1556 1545 vel
1582 1517 1807 1560 perennes,

159 1552 306 1597 oribus
333 1554 453 1598 albis.

126 1689 249 1734 SECT.
278 1691 309 1734 I.
348 1691 655 1738 PsEUDAleNE.
675 1721 733 1726 ——
759 1695 917 1752 Sepala
939 1697 1083 1753 petala
1108 1703 1147 1740 et
1171 1699 1360 1741 stamina
1375 1698 1419 1753 4,
1450 1699 1575 1743 haecce
1601 1702 1712 1744 disco
1734 1716 1807 1758 pe-

236 1750 387 1807 riqyno
413 1752 588 1795 inserta.
620 1753 737 1811 Stytz·
762 1755 859 1797 duo.
895 1754 1103 1798 Ouarium
1128 1757 1375 1812 stipitatum
1400 1757 1429 1800 6
1454 1759 1690 1802 ovatacum.

181 1891 232 1935 S.
251 1891 575 1936 alsinoides
603 1892 754 1949 (Boiss.
777 1898 816 1935 et
840 1892 979 1935 Buhse
1004 1893 1123 1935 Aufz.
1144 1906 1184 1950 p.
1215 1893 1290 1951 41)
1318 1895 1466 1951 glauca
1492 1895 1654 1950 glabra,
1685 1899 1801 1941 caule

122 1949 309 1993 tenuiter
334 1949 520 1993 filiformi
547 1958 689 1994 erecto
716 1951 957 1994 dichotome
985 1958 1025 1993 et
1052 1951 1180 1994 effuse
1207 1967 1398 2010 cymoso,
1434 1953 1647 2009 pedicellis
1675 1956 1801 2012 capil-

122 2007 283 2051 laribus
310 2007 503 2065 rigidulis
533 2010 702 2052 tandem
729 2009 882 2066 patulis
909 2009 1049 2066 calyce
1076 2010 1235 2066 pluries
1261 2011 1541 2067 longioribus,
1570 2012 1679 2055 soliis
1707 2014 1801 2056 sub-

123 2066 303 2110 enerviis
330 2066 487 2109 infimis
514 2067 698 2111 breviter
724 2067 934 2125 petiolatis
960 2068 1151 2124 oblongis
1178 2069 1338 2112 obtusis
1365 2070 1526 2112 caeteris
1554 2071 1802 2116 lanceolato-

119 2124 353 2168 linearibus
371 2126 648 2180 mucronatis,
667 2126 820 2183 sepalis
837 2125 1079 2169 lanceolatis
1106 2127 1596 2170 attenuato-acuminatis
1624 2137 1799 2184 anguste

121 2183 463 2227 membranaceis
489 2184 677 2228 obsolete
704 2184 939 2228 uninerviis
957 2219 966 2237 ,
1003 2185 1151 2241 petalis
1186 2185 1417 2229 linearibus
1452 2186 1635 2229 breviter
1660 2186 1800 2232 bifidis

121 2242 262 2300 calyce
299 2242 672 2297 subbrevioribus,
702 2243 872 2301 capsula
899 2243 1084 2298 oblonga
1118 2244 1258 2301 calyce
1294 2243 1558 2287 subbreviori
1594 2245 1644 2287 ad
1680 2245 1798 2290 basin

121 2300 398 2357 quadrivalvi,
427 2302 661 2345 seminibus
687 2301 1134 2358 globoso-compressis
1160 2302 1321 2345 minute
1348 2302 1559 2358 rugulosis
1590 2308 1655 2353 Q).

181 2363 280 2401 Hab.
319 2364 358 2400 in
396 2365 592 2402 montibus
633 2377 754 2413 prope
793 2363 902 2401 Yezd
944 2364 1088 2401 Persiae
1127 2365 1325 2402 orientalis
1364 2366 1414 2402 ad
1451 2376 1593 2412 pagum
1633 2365 1798 2404 Maswar

122 2415 291 2470 (Buhsel
320 2452 328 2460 .

180 2421 319 2519 Planci
342 2479 418 2521 5-4
442 2482 666 2531 pollicaris‚
702 2482 824 2520 facies
855 2480 963 2520 Scell.
989 2482 1146 2520 nitentis
1170 2481 1277 2520 Nutt.
1305 2482 1365 2519 vel
1389 2476 1542 2519 Alsi'nes
1573 2481 1795 2530 lenuisolz'oe,

121 2540 303 2588 pedicelli
327 2539 402 2580 4-5
425 2541 570 2590 lineas,
610 2541 725 2590 calyx
746 2541 923 2579 fructifer
950 2542 1222 2589 sesquilineam
1255 2542 1407 2589 longus.
1435 2540 1638 2578 Glandulae
1660 2540 1689 2580 4
1711 2554 1795 2580 cum

120 2599 327 2640 filamentis
350 2601 508 2639 alternae
531 2601 734 2650 elongatae,
759 2600 964 2639 columella
988 2600 1131 2649 brevis,
1155 2599 1313 2638 funiculi
1336 2599 1517 2648 elongati.

120 2716 243 2762 SEc'r.
273 2719 325 2762 ΙΙ.
361 2720 676 2765 OLIGOSPERMA.
708 2746 766 2753 —
789 2721 946 2778 Sepala
979 2727 1016 2764 et
1038 2721 1183 2777 petala
1209 2722 1255 2763 5.
1295 2720 1412 2777 Styli
1445 2721 1542 2763 duo.
1588 2719 1796 2764 Ovarz‘um

789 2780 868 2823 4-6
892 2780 1128 2822 ovulatum.

179 2883 230 2927 S.
261 2886 641 2942 Kotschyana
676 2886 821 2943 (Fenzl
847 2900 892 2929 ln
920 2885 979 2942 Ky
1007 2886 1062 2942 pl.
1094 2885 1207 2928 Pers.
1239 2891 1370 2927 austr.
1402 2883 1532 2940 1845)
1570 2885 1729 2928 minute
1758 2895 1797 2928 et

1565 2959 1608 2994 45
