2021 3235
923 50 1007 94 859

183 145 426 184 Praecedenti
448 145 561 183 affine
590 146 658 183 sed
685 146 770 184 basi
794 146 1102 191 suffraticosum,
1135 144 1360 190 dumosum,
1401 143 1495 181 folia
1534 155 1659 191 pauca
1687 143 1819 181 formae

125 205 310 253 diversae,
346 205 464 242 flores
491 205 684 251 minores,
719 205 855 254 sepala
877 217 900 241 a
926 205 1012 242 basi
1039 204 1175 241 latiore
1202 203 1325 251 magis
1350 203 1593 250 acuminata,
1631 203 1818 250 stigmata

125 264 318 302 breviora.

185 427 241 469 L.
267 426 601 469 velutinum
644 424 806 480 (Steud.
853 424 894 466 in
925 424 984 481 Ky
1011 425 1068 481 pl.
1101 424 1213 466 Kutd
1235 449 1252 454 -
1273 424 1389 479 Alep.
1425 421 1553 476 1843)
1594 423 1812 478 glaucum,

127 483 448 536 suss'rulescens,
476 482 933 534 velutino-cinereum,
963 482 1155 525 caulibus
1184 480 1465 534 brevissimis,
1506 480 1615 523 foliis
1643 480 1816 537 spathu-

126 541 220 585 latis
261 541 425 584 obtusis
466 541 701 584 uninerviis
744 541 1020 584 inferioribus
1048 540 1270 591 rosulatis,
1315 542 1436 598 cyma
1468 542 1685 581 contracta
1713 538 1813 580 sub-

126 600 304 657 capilatfi
332 599 409 642 1-4
435 599 541 643 florei
568 599 678 643 foliis
705 599 884 643 summis
910 600 1141 652 bracteam,
1171 599 1325 655 sepalis
1343 613 1366 641 a
1383 597 1472 640 basi
1501 598 1816 640 ovato-lanceo-

126 659 206 701 late
235 658 747 715 cuspidem-acuminatis
774 658 951 715 integris
978 659 1148 714 capsula
1175 657 1303 714 duplo
1330 655 1614 712 longioribuS,
1643 655 1816 711 stigma-

127 716 240 760 tibus
266 716 613 760 lineari-clavatis
641 724 678 766 5.

184 787 283 824 Hab.
311 787 348 823 in
384 787 532 824 fissuris
565 787 715 835 rupium
746 787 1012 825 calcarearum
1039 786 1179 824 montis
1202 785 1309 823 Gara
1328 785 1593 824 Kurdistaniae
1617 780 1702 837 (Ky
1728 794 1812 821 exs.

127 843 216 886 556
230 847 266 892 1).
293 845 352 884 Fi.
378 846 464 884 Jun.

183 912 295 951 Rami
327 914 468 951 vetusti
496 914 636 951 breves
670 914 852 952 denudati
887 913 1306 962 suberoso-corticosi,
1342 912 1469 951 floridi
1492 911 1521 951 2
1540 910 1569 951 4
1594 911 1816 960 pollicares.

129 973 265 1011 Flores
287 973 350 1022 (ex
376 973 588 1021 specimine
615 978 792 1011 caeterum
818 970 989 1026 manco),
1017 973 1095 1011 albi
1124 973 1316 1010 videntur.

735 1145 858 1190 Smer.
891 1145 957 1188 IV.
995 1145 1210 1188 EULINUM.

637 1273 660 1295 ’κ
693 1273 886 1325 Stigmata
911 1273 1296 1312 clavato-filiformia.

431 1403 462 1454 †
494 1405 680 1443 Pedicelli
706 1405 891 1444 fructiferi
916 1406 1069 1444 breves.
1096 1404 1238 1454 Sepala
1263 1405 1509 1453 glandulosa.

823 1541 861 1567 a.
902 1530 1027 1567 Peren
1037 1530 1110 1568 nia.

183 1662 239 1704 L.
267 1661 572 1714 hirsutum
610 1660 673 1715 (L.
704 1659 772 1716 Sp.
803 1659 905 1715 398)
939 1660 1132 1703 caulibus
1170 1661 1391 1704 herbaceis
1419 1660 1624 1704 teretibus
1653 1667 1816 1703 tomen-

123 1718 380 1771 toso-hirtis,
410 1718 521 1762 foliis
546 1718 1053 1762 lanceolam-linearibus
1080 1720 1174 1776 plus
1203 1719 1344 1762 minus
1372 1719 1530 1763 villosis
1558 1720 1618 1761 vel
1649 1726 1816 1761 tomen-

124 1777 225 1820 tosis
253 1777 391 1820 rarius
418 1777 636 1833 glabratis‚
667 1791 799 1835 cymae
829 1778 996 1821 tandem
1026 1779 1127 1822 laxae
1155 1778 1284 1821 ramis
1302 1777 1638 1835 spiciforrnibus,
1666 1777 1818 1834 sepalis

123 1835 510 1879 ovato—lanceolalis
527 1835 660 1879 acutis
689 1836 942 1879 tomenlellis
960 1837 1118 1880 corolla
1136 1840 1295 1894 cyanea
1312 1837 1401 1880 basi
1421 1837 1562 1880 albida
1579 1836 1818 1893 quadruplo

119 1894 386 1937 brevioribus
413 1896 581 1951 capsula}
610 1894 820 1951 subduplo
847 1895 1114 1951 longioribus
1148 1901 1206 1942 26.
1236 1896 1355 1952 Jacq.
1386 1896 1527 1938 Austr.
1562 1895 1648 1938 tab.
1681 1894 1754 1937 31.

180 1964 280 2002 Hab.
305 1965 341 2001 in
382 1964 548 2002 collibus
588 1965 701 2002 siccis
731 1968 768 2001 et
803 1965 1018 2011 montanis,
1058 1963 1216 2012 Olympi
1250 1965 1433 2002 Thessali
1470 1966 1579 2013 regio
1622 1965 1818 2013 sylvatica

124 2017 321 2074 (Heldrl),
347 2023 518 2061 Thracia
542 2017 711 2073 (Frivl),
738 2023 885 2061 Tauria
909 2028 946 2061 et
970 2036 1079 2072 prov,
1107 2024 1331 2062 Caucasicae
1355 2025 1555 2074 (Ledeb.).
1579 2024 1640 2061 13¹1.
1669 2028 1756 2062 aest.

180 2087 226 2141 β.
256 2086 619 2142 glanduliserum.
659 2085 806 2129 caules
834 2086 989 2143 saepius
1017 2087 1295 2130 ascendentes
1322 2087 1463 2130 minus
1496 2086 1683 2143 proceri,
1720 2087 1816 2129 folia

121 2144 556 2199 glanduloso-ciliata‚
584 2158 717 2201 cymae
741 2145 849 2188 rami
878 2144 1273 2201 magis-divaricati.
1308 2145 1353 2188 L.
1376 2145 1650 2188 Anatolicum
1679 2145 1812 2189 Boiss.

121 2201 271 2260 Diagn.
304 2202 393 2246 Ser.
425 2203 457 2256 l,
489 2203 521 2255 l,
551 2217 591 2260 p.
623 2202 694 2246 56.

179 2273 280 2311 Hab.
307 2273 344 2310 in
371 2274 533 2311 collibus
561 2274 752 2312 Anatoliae
777 2274 815 2311 in
840 2273 1016 2322 Phrygia
1041 2275 1089 2311 ad
1113 2273 1352 2313 Laodiceam
1377 2274 1519 2325 (Boiss
1535 2276 1570 2325 !)
1594 2305 1602 2323 ,
1631 2275 1816 2323 Bithynia

125 2331 267 2381 (Auch.
294 2345 373 2371 exs.
396 2331 484 2373 850
508 2333 588 2372 bis!
605 2331 638 2385 )‚
670 2331 826 2371 Galatia
849 2330 1070 2387 (Wied!)‚
1096 2332 1211 2371 Caria
1235 2334 1376 2382 (Boiss
1393 2331 1445 2384 l),
1471 2334 1598 2383 Lydia
1623 2330 1814 2388 (Boissi),

121 2390 323 2440 Lycaonia
346 2393 383 2429 in
409 2399 537 2430 monte
562 2392 775 2441 Karadagh
801 2390 1012 2443 (Heldr!)‚
1039 2392 1228 2431 Cataonia
1254 2392 1399 2443 (Pchih
1417 2394 1460 2444 !),
1489 2393 1741 2442 Cappadocia
1767 2393 1817 2430 ad

120 2450 301 2498 Argaeum
329 2452 408 2500 (Ky
434 2452 570 2501 Suppl.
599 2450 740 2503 1851).

177 2535 217 2573 y.
239 2514 570 2571 slenophyllum.
605 2514 749 2557 Planta
767 2514 923 2570 saepius
940 2515 1138 2570 adpresse
1157 2529 1402 2558 canescens.
1433 2515 1549 2558 Folia
1566 2515 1811 2570 glandulose

118 2572 179 2614 vel
209 2573 483 2627 eglandulosa
510 2580 688 2629 anguste
717 2572 1127 2616 lineari-lanceolata
1155 2573 1478 2616 subuninervia.

177 2643 276 2681 Hab.
303 2644 340 2681 in
370 2644 482 2682 cultis
515 2649 552 2682 et
588 2645 752 2682 collibus
779 2644 1041 2692 Cappadociae
1067 2645 1114 2681 ad
1140 2646 1252 2682 basin
1281 2646 1419 2682 montis
1446 2645 1638 2682 Karamas
1663 2641 1813 2696 (Ball),

118 2702 274 2740 Pisidiae
298 2704 345 2740 ad
368 2704 567 2741 Bouldonr
593 2707 631 2740 et
654 2704 814 2752 Egirdir
837 2704 976 2752 (Heldr
993 2705 1034 2751 ἔ),
1060 2703 1241 2752 Phrygiae
1265 2705 1315 2741 ad
1338 2703 1503 2742 Ouchak
1527 2704 1611 2756 (Bal
1631 2702 1677 2754 !).

177 2767 215 2810 ὃ.
246 2767 459 2822 alpinum.
492 2767 874 2823 Argyreo-canum‚
905 2766 992 2809 basi
1023 2766 1349 2820 suffrutescens‚
1385 2766 1485 2810 folia
1512 2774 1690 2823 angusta
1721 2779 1808 2808 var.

117 2824 394 2879 praecedentis
412 2832 451 2867 et
469 2825 759 2881 cglandulosa,
780 2839 910 2882 cymae
928 2832 1157 2868 contractae
1174 2825 1435 2882 paucissorae.
1458 2825 1613 2869 Forma
1638 2823 1743 2868 facie
1773 2830 1812 2866 et
