2021 3235
895 99 980 144 437

151 198 252 236 Hab.
287 197 326 235 in
356 196 470 235 siccis
495 189 668 233 dumosis
692 196 810 234 totius
835 194 998 234 Graeciae
1025 199 1062 233 et
1087 196 1171 245 ejus
1195 197 1429 247 insularum,
1464 198 1641 237 Thraciae
1666 199 1775 249 (Gri-

93 250 233 307 seb!)‚
267 255 458 294 Anatoliae
487 255 524 292 in
545 250 744 302 Bilthynia
774 250 1014 306 (Grisebl),
1053 255 1179 304 Lydia
1212 256 1324 306 (Bal.
1362 268 1443 294 exS.
1484 256 1615 308 861),
1654 259 1776 306 Lycia

96 314 311 371 (Bourgl)‚
352 314 489 353 Cilicia
528 309 701 367 (Ball),
738 313 854 361 Syria
878 314 1037 352 littorali
1062 319 1099 352 et
1122 315 1295 352 interiori
1328 318 1627 363 septentrionali
1664 314 1740 372 (Bl
1765 317 1772 356 !

93 374 305 425 Haussk!)‚
333 373 464 423 Cypro
492 369 577 429 (Ky
595 371 625 423 l)
650 373 859 411 Palaestina
885 369 1056 423 (Boissl)
1080 374 1139 411 Fl.
1167 385 1272 411 vere.

153 443 310 491 Species
334 441 583 489 indumento,
609 440 734 478 forma
758 440 935 478 foliorum
963 441 1075 478 valde
1101 441 1361 489 polymorpha
1384 442 1451 479 sed
1480 444 1623 489 sepalis
1649 456 1779 492 aequa-

93 504 194 542 libus
220 506 257 539 et
274 502 376 550 stylo
403 501 585 548 elongato
610 512 633 537 a
656 499 757 537 binis
783 501 1035 548 sequentibus
1053 501 1166 539 facile
1186 501 1475 549 distinguenda.
1502 502 1628 551 Hujus
1647 504 1779 542 formae

93 563 194 602 binae
229 564 436 609 sequentes
472 559 714 597 intermediis
746 571 820 597 una
851 559 889 597 in
922 560 1084 597 alteram
1122 563 1348 610 transeunt3
1388 560 1589 598 character
1624 564 1780 600 seminis

94 621 202 660 laevis
225 621 284 657 vel
308 619 666 667 reticulato-rugosi
690 631 712 656 a
736 618 793 658 Ol.
820 618 1044 656 Willkomm
1067 620 1116 656 ad
1142 631 1207 656 eas
1233 620 1528 666 distinguendas
1552 623 1776 669 propositus

95 692 171 719 non
206 681 338 717 firmus
374 683 432 717 est
465 682 503 716 et
537 690 585 716 ex
616 678 838 716 maturitate
872 679 960 727 plus
996 679 1121 716 minus
1146 680 1335 726 provecta
1354 679 1512 723 seminis
1536 681 1704 727 pendere
1728 682 1779 717 vi-

96 741 220 779 detur.

155 832 195 855 α.
226 810 452 868 ycnuz‘nus.
485 808 604 852 Rami
632 816 788 865 praeter
814 808 1109 852 indumentum
1138 810 1349 852 stellatum
1386 809 1482 866 pilis
1510 810 1659 852 erectis
1679 811 1780 911 plus

96 870 237 915 minus
263 868 414 912 villosi.
449 866 495 911 C.
526 868 814 925 eriocephalus
840 867 928 910 viv.
960 867 1076 911 Cors.
1106 881 1147 924 p.
1170 866 1209 910 8.
1245 866 1292 910 C.
1314 869 1493 911 incanus
1524 869 1562 910 L.
1586 868 1655 925 Sp.
1707 868 1776 911 57.

98 928 232 972 Rchb.
264 927 336 984 fig.
366 925 496 970 4568.

154 1004 201 1058 β.
235 1000 441 1045 Creticus.
495 999 569 1042 Pili
612 999 742 1056 patuli
791 1000 883 1056 plus
920 999 1112 1042 minusve
1153 998 1425 1051 deficientes,
1464 1000 1561 1043 folia
1598 1001 1779 1053 minora,

97 1063 239 1119 planta
266 1059 400 1116 magis
426 1058 599 1102 viscida.
634 1056 680 1101 C.
717 1056 908 1101 Creticus
936 1058 978 1100 L.
1012 1057 1080 1115 Sp.
1112 1071 1151 1114 p.
1185 1057 1283 1101 738.
1317 1058 1376 1101 Fl.
1399 1058 1543 1102 Graeca
1571 1060 1654 1102 tab.
1678 1059 1777 1102 495.

156 1131 232 1171 Ar.
265 1130 427 1181 Geogr.
462 1128 637 1178 Corsica,
663 1129 791 1178 Italia,
815 1129 950 1167 Africa
974 1129 1157 1167 borealis.

159 1286 212 1330 C.
241 1295 581 1341 purpureus
619 1283 755 1338 (Lam.
788 1282 955 1340 Encycl.
999 1283 1059 1335 Il,
1098 1297 1138 1339 p.
1171 1283 1244 1339 14)
1282 1283 1479 1338 adpresse
1514 1290 1550 1325 et
1588 1283 1779 1325 stellatiui

101 1344 285 1387 hirtulus
312 1342 522 1395 viscidus,
553 1341 662 1384 soliis
691 1342 904 1395 rugulosis
932 1341 1385 1397 oblongo-lanceolatis
1413 1341 1545 1384 acutis
1574 1341 1782 1398 petiolatis

101 1402 301 1445 brevibus
326 1400 642 1458 vaginantibus,
671 1401 849 1444 floribus
877 1399 972 1453 1-3,
1002 1400 1154 1456 sepalis
1181 1400 1312 1444 ovatis
1331 1400 1515 1442 breviter
1533 1399 1782 1442 acuminatis

102 1460 385 1504 exterioribus
420 1458 597 1502 dimidio
632 1458 978 1515 angustioribus,
1008 1458 1157 1515 petalis
1193 1458 1421 1516 purpureis
1464 1458 1552 1501 basi
1589 1465 1780 1501 atrosan-

101 1519 301 1622 {psitnessfs1ss
333 1525 370 1619 Si
400 1518 440 1562 lo
473 1517 615 1561 ovario
652 1519 783 1560 multo
810 1517 993 1560 breviori
1021 1523 1060 1569 5.
1092 1517 1236 1561 Botan.
1271 1517 1371 1572 Reg.
1405 1517 1488 1559 [ab.
1519 1516 1618 1559 408.
1649 1516 1784 1559 Sweet

160 1650 261 1689 Hab.
288 1650 324 1687 in
352 1648 512 1688 Oriente
536 1659 583 1685 ex
607 1648 833 1686 auctoribus
856 1649 925 1686 sed
951 1647 1166 1696 specimina
1183 1650 1400 1695 spontanea
1422 1659 1614 1696 nunquam
1633 1646 1724 1683 vidi.

161 1718 331 1767 Capsula
355 1717 503 1767 ignota,
530 1729 578 1754 an
602 1716 690 1754 ideo
714 1717 845 1764 proles
872 1716 1040 1765 hybrida
1065 1715 1105 1754 C.
1131 1716 1290 1754 villosi?

160 1889 214 1933 G.
243 1887 607 1944 parviflorus
645 1886 780 1943 (Lam.
823 1886 990 1944 Encycl.
1024 1887 1086 1939 ll,
1123 1901 1164 1943 p.
1196 1887 1268 1938 14)
1305 1887 1502 1943 adpresse
1538 1897 1783 1935 canescens,

102 1946 213 1990 foliis
240 1945 580 2002 ovato-ellipticis
607 1945 754 1988 subtus
783 1945 899 1988 valde
928 1945 1176 1998 reticulatis,
1197 1945 1362 2002 petiolis
1380 1944 1468 1986 basi
1489 1942 1673 1985 breviter
1690 1956 1785 1984 con-

103 2005 230 2059 natis,
259 2004 435 2048 floribus
462 2003 540 2046 3-5
566 2004 1022 2061 umbellato-cymosis‚
1052 2003 1204 2060 sepalis
1231 2000 1684 2059 oblongo-lanceolatis
1711 1999 1784 2042 vil-

104 2064 203 2107 losis
236 2062 517 2106 exterioribus
551 2062 869 2118 angustioribus
905 2062 1180 2119 aequilongis,
1220 2062 1366 2117 petalis
1400 2059 1606 2104 truncatis
1635 2058 1783 2109 roseis,

106 2122 300 2179 stigmate
327 2121 461 2164 sessili
488 2127 528 2173 ὅ.
554 2119 688 2163 Sibth.
720 2120 780 2163 Fl.
812 2121 883 2164 Gr.
915 2121 1000 2163 tab.
1032 2120 1131 2164 496.
1162 2120 1305 2163 Willk.
1338 2120 1394 2162 Ic.
1426 2119 1479 2171 ll,
1509 2118 1594 2160 tab.
1625 2116 1694 2159 85.
1736 2115 1782 2159 C.

105 2181 378 2238 complicatus
407 2180 520 2223 Lam.
552 2180 631 2222 loc.
662 2179 733 2222 cit.
768 2177 814 2222 C.
845 2193 1036 2236 cymosus
1063 2179 1171 2221 Dun.
1204 2179 1246 2221 in
1265 2191 1331 2221 Dc.
1366 2177 1512 2220 Prodr.
1546 2176 1578 2228 I,
1610 2190 1649 2232 p.
1681 2173 1780 2216 0265.

165 2252 265 2291 Hab.
292 2252 329 2290 in
355 2252 528 2290 dumosis
554 2251 668 2289 siccis
688 2251 812 2290 Cretae
831 2251 958 2302 (Siebl
983 2249 1162 2299 Heldrl)‚
1188 2250 1327 2289 Atticae
1344 2251 1380 2287 in
1398 2249 1596 2286 Pentelico
1621 2247 1783 2295 (Boissl)

107 2316 145 2349 et
168 2312 218 2349 ad
243 2311 549 2360 promontorium
572 2310 730 2349 Sunium
757 2310 978 2361 (Sprunl),
1019 2311 1148 2348 Rhodi
1181 2309 1321 2360 (Sibth.
1349 2308 1471 2347 Auch.
1499 2319 1582 2346 exs.
1612 2304 1784 2354 1982!)‚

107 2371 146 2409 in
175 2371 310 2409 insulis
338 2370 443 2409 sinfis
469 2370 716 2419 Smyrnensis
745 2368 910 2422 (Bau),
944 2367 1111 2409 collibus
1135 2369 1279 2408 Ciliciae
1317 2380 1434 2416 supra
1456 2368 1626 2405 Mersina
1648 2362 1785 2416 (Ball),

109 2430 227 2480 Cypri
252 2430 389 2480 (Sibth.
414 2422 545 2484 Kyl).
569 2429 629 2467 Fl.
652 2441 757 2468 vere.

166 2504 211 2556 β.
247 2502 518 2559 spathulatus
555 2501 708 2558 (Spach
747 2500 849 2544 Suit.
881 2499 1005 2552 Buff,
1035 2499 1110 2552 VI,
1141 2513 1180 2555 p.
1212 2498 1301 2554 85).
1336 2497 1600 2554 Foliapaulo
1629 2496 1789 2552 majora

111 2561 508 2618 ovato—spathulata.
542 2559 589 2603 C.
621 2561 800 2603 incanus
827 2559 887 2602 Fl.
918 2558 1050 2602 Graec.
1083 2558 1166 2600 tab.
1198 2557 1284 2600 494
1309 2570 1393 2599 non
1422 2556 1464 2598 L.

168 2633 271 2672 Hab.
299 2645 385 2671 cum
412 2636 523 2681 typo.

172 2700 268 2739 Obs.
297 2699 337 2739 C.
364 2700 514 2750 crispus
535 2699 584 2738 L.
613 2702 652 2737 et
676 2696 717 2737 C.
745 2698 900 2737 albidus
925 2696 969 2733 L.
990 2697 1028 2733 in
1047 2696 1263 2733 Prodi-omo
1282 2694 1339 2731 Fl.
1360 2693 1506 2732 Graecae
1523 2694 1794 2730 enumerantur

112 2761 181 2798 sed
206 2758 368 2797 erronee
391 2762 433 2797 ut
450 2760 616 2806 videtur,
640 2771 727 2796 nam
750 2758 864 2795 ambo
880 2757 929 2794 ad
949 2755 1147 2793 Orientem
1162 2755 1263 2792 ultra
1285 2752 1452 2792 Galliam
1477 2752 1686 2789 australem
1713 2762 1789 2787 non

116 2819 349 2868 proveniunt
374 2822 410 2856 et
433 2819 646 2867 specimina
671 2817 811 2856 Graeca
836 2827 1032 2864 nunquam
1058 2814 1150 2851 vidi.
