2021 3235
938 179 1020 226 757

303 454 467 502 ORD.
508 453 651 501 XVI.
681 452 1191 502 PORTULACEAE.
1225 456 1357 503 Juss.
1388 456 1510 509 Gen,
1539 455 1656 504 512.

200 636 344 679 Flores
370 636 590 689 regulares
616 637 970 694 hermaphroditi.
1001 637 1123 696 Calyx
1151 638 1409 682 aestivatione
1436 639 1685 682 imbricatus
1712 639 1738 681 2
1759 653 1825 682 ra-

143 695 232 738 rius
250 693 326 738 3-5
344 694 526 750 sepalus.
557 694 699 738 Petala
724 694 751 737 5
778 695 918 739 rarius
944 695 1015 739 4-6
1042 697 1265 754 hypogyna
1292 698 1354 739 vel
1384 697 1587 754 perigyna
1613 697 1702 740 basi
1730 698 1827 741 bre·

142 753 249 796 viter
280 759 466 818 ‘connata
507 752 638 810 calyci
681 753 854 797 inserta.
899 754 1088 798 Stamina
1122 755 1213 798 basi
1246 755 1394 813 petalis
1433 756 1586 798 adnata
1621 769 1733 798 nunc
1769 756 1828 799 eis

144 818 337 876 opposita
373 818 414 876 et
448 824 628 854 numero
664 812 846 869 aequalia
880 827 994 856 nunc
1030 827 1275 857 numerosa.
1320 813 1517 857 Ovarium
1552 813 1734 856 liberum
1767 815 1829 856 vel

145 871 272 927 calyct
311 869 622 912 semladnatum
656 871 935 915 uniloculare.
980 871 1110 915 Ovula
1136 871 1162 915 3
1188 873 1251 914 vel
1278 873 1425 929 plura,
1460 872 1658 915 funiculis
1684 872 1829 915 liberis

146 929 210 971 vel
236 927 279 970 in
306 928 548 971 columnam
575 928 738 972 coalitis
764 929 905 983 affixa,
934 930 1218 987 amphitropa.
1250 930 1385 988 Stylus
1411 929 1484 974 3-6
1502 930 1625 972 fidus.
1656 929 1832 987 Capsula

145 986 474 1052 membranacea
508 987 570 1030 vel
607 995 826 1031 crustacea
858 988 1154 1032 circumscisse
1180 989 1245 1031 vel
1270 989 1397 1032 valvis
1422 995 1483 1032 tot
1508 995 1611 1045 quot
1636 988 1729 1046 styli
1758 989 1831 1031 de-

146 1046 332 1088 hiscens.
377 1045 562 1102 Embryo
607 1045 669 1102 (in
709 1047 885 1103 nostris)
928 1047 1252 1104 periphaericus.
1280 1074 1337 1078 -
1363 1047 1516 1090 Herbae
1555 1047 1649 1103 plus
1692 1046 1831 1089 minus

148 1103 404 1169 succulentae
432 1103 542 1147 soliis
569 1104 744 1147 alternis
771 1105 835 1148 vel
861 1105 949 1148 fere
976 1105 1204 1163 oppositis,
1232 1105 1491 1163 exstipulatis
1517 1106 1581 1147 vel
1608 1105 1831 1160 stipulatis,

148 1162 314 1219 stlpulls
354 1162 398 1204 in
437 1162 544 1219 pilos
586 1162 802 1206 interdum
840 1164 1028 1207 mutatis.
1057 1191 1114 1195 —
1140 1163 1251 1208 Ordo
1280 1164 1332 1207 ab
1358 1164 1547 1207 Alsinez’s
1574 1170 1615 1206 et
1640 1163 1834 1219 Parony—

148 1220 276 1263 chieis
302 1220 533 1264 staminum
561 1220 662 1275 situ,
691 1235 714 1264 a
739 1222 1014 1280 Molluyineis
1039 1223 1183 1266 ovario
1210 1237 1295 1266 non
1322 1229 1485 1280 septato
1511 1222 1748 1266 discedens.

660 1411 952 1460 marmot
987 1412 1049 1474 (L.
1087 1411 1183 1460 Gen.
1219 1411 1336 1472 602),

213 1557 332 1615 Calyx
359 1557 512 1615 sepalis
540 1557 566 1600 2
593 1557 684 1600 basi
711 1556 755 1599 in
782 1556 932 1599 tubum
960 1555 1103 1599 ovario
1130 1556 1329 1599 adnatum
1357 1554 1533 1606 coalitis,
1562 1560 1678 1610 parte
1706 1553 1837 1596 libera

156 1617 328 1659 demum
355 1616 549 1659 decidua.
595 1616 736 1658 Petala
760 1614 818 1657 lt·-
835 1613 861 1657 6
888 1628 1056 1658 summo
1082 1613 1232 1672 calycis
1259 1612 1361 1656 tubo
1388 1611 1548 1655 inserta
1574 1611 1836 1668 staminaque

157 1673 288 1718 8-15
314 1674 532 1732 perigyna.
576 1674 774 1718 Ovarium
801 1672 1156 1716 multiovulatum.
1203 1671 1337 1729 Stylus
1364 1669 1424 1713 5-
1441 1669 1467 1713 6
1494 1670 1616 1713 lidus.
1661 1669 1837 1726 Capsula

158 1733 481 1777 membranacea
507 1732 755 1777 semiinfera
781 1738 899 1789 parte
926 1731 1061 1774 libera
1086 1729 1379 1774 circumscisse
1408 1729 1644 1772 dehiscens.
1660 1753 1718 1760 —
1736 1728 1837 1771 Her-

157 1792 221 1836 bae
247 1806 437 1836 carnosae
463 1791 628 1836 diffuse.

215 1950 272 1992 P.
306 1950 572 1993 oleracea
611 1949 672 2003 (L.
703 1947 772 2004 Sp.
803 1946 905 2003 638)
945 1947 1115 2002 glabra,
1158 1945 1349 1988 caulibus
1385 1943 1561 1986 ramosis
1598 1943 1836 1998 prostratis,

159 2007 270 2050 foliis
302 2007 492 2050 carnosis
525 2006 744 2050 sessilibus
776 2004 1195 2059 obovato-oblongis
1227 2003 1359 2046 axillis
1395 2002 1542 2054 nudis,
1587 2000 1763 2043 floribus
1795 2000 1837 2042 in

159 2065 431 2109 dichotomiis
463 2064 705 2117 sessilibus‚
750 2063 902 2121 sepalis
928 2062 1211 2120 inaequalibus
1237 2060 1398 2105 obtusis
1425 2060 1502 2103 sub
1529 2059 1647 2116 apice
1674 2058 1837 2101 carina-

161 2123 228 2176 tis,
257 2123 406 2181 petalis
432 2122 510 2166 5-6
535 2123 725 2167 obovatis
751 2123 878 2166 luteis
909 2128 975 2174 O.
1006 2133 1073 2164 Dc.
1105 2120 1164 2164 Pl.
1195 2119 1360 2163 Succul.
1390 2119 1474 2161 tab.
1505 2116 1603 2160 123.

220 2194 320 2232 Hab.
348 2195 387 2231 in
411 2194 603 2232 ruderatis
638 2196 677 2231 et
713 2193 854 2241 plateis
887 2192 1005 2230 totius
1037 2190 1196 2228 ditionis
1221 2201 1243 2228 a
1268 2189 1420 2228 Graeoia
1438 2179 1645 2238 ‘(Sibth.),
1670 2186 1718 2223 ad
1745 2186 1839 2223 Ara-

160 2254 264 2292 biam
289 2256 463 2301 petream
487 2251 700 2306 (Schimpl)
727 2251 983 2301 Babyloniam
1008 2249 1154 2302 (Noe'l)
1181 2252 1218 2286 et
1238 2250 1350 2298 prob.
1375 2247 1533 2296 ubique.
1558 2245 1616 2283 Fl.
1639 2248 1721 2284 aest.

221 2317 294 2358 Ar.
326 2323 488 2369 Geogr.
521 2320 719 2368 Regiones
744 2322 968 2367 temperatae
991 2320 1030 2354 et
1054 2316 1190 2355 calidae
1215 2315 1332 2354 totius
1356 2314 1473 2352 orbis.

223 2484 280 2526 P.
308 2482 647 2538 quadrifida
688 2481 749 2537 (L.
781 2479 906 2522 Mant.
939 2477 1012 2534 78)
1054 2476 1246 2519 caulibus
1284 2473 1463 2525 diffusis,
1495 2471 1614 2515 'foliis
1656 2471 1843 2515 carnosis

167 2540 384 2584 sessilibus
410 2540 605 2597 oblongis
632 2541 694 2582 vel
720 2535 1155 2594 oblongo-linearibus
1172 2569 1181 2587 ,
1210 2532 1343 2576 axillis
1368 2530 1529 2588 pilosis,
1557 2529 1732 2594 floribus
1758 2535 1843 2577 ter-

168 2599 394 2642 minalibus
420 2598 448 2641 lt
475 2599 585 2642 foliis
612 2596 902 2646 involucratis,
931 2593 1084 2651 sepalis
1110 2591 1360 2649 aequalibuS‚
1387 2588 1537 2647 petalis
1560 2587 1596 2655 '4
1626 2589 1750 2630 luteis
1778 2595 1840 2641 Θ.

168 2657 219 2700 Ρ.
249 2658 494 2701 meridiana
519 2657 565 2700 L.
597 2656 741 2714 Suppl.
772 2669 813 2713 p.
844 2651 943 2697 248.

233 2728 333 2766 Hab.
360 2727 400 2766 in
422 2728 598 2766 arenosis
622 2726 788 2775 AEgypti
812 2723 979 2775 (Linn.),
1004 2722 1112 2770 regni
1135 2717 1388 2757 Maneatensis
1414 2713 1591 2767 (Auchl).

236 2795 376 2832 Planta
406 2794 636 2842 subtropica
672 2793 735 2829 vix
770 2790 928 2829 ditionis
961 2791 1105 2826 nostrae
1134 2786 1242 2825 civis.
1276 2804 1330 2812 —
1357 2782 1402 2820 Ρ.
1429 2783 1604 2820 tuberosa
1626 2782 1750 2819 Roxb.
1791 2779 1849 2817 Fl.

176 2854 259 2891 Ind.
283 2854 332 2903 ΙΙ,
353 2866 391 2903 p.
413 2851 515 2902 464,
541 2853 675 2891 radice
699 2850 861 2898 perenni
884 2846 1078 2894 tuberosa‚
1106 2843 1207 2884 foliis
1232 2842 1617 2881 lineari-lanceolatis
1641 2840 1690 2878 ad
1714 2839 1850 2876 axillas

179 2913 338 2961 (sitiatis,
370 2913 532 2951 floribus
558 2912 660 2949 foliis
690 2907 766 2951 6-8
796 2906 1063 2950 involucratis,
1088 2906 1126 2943 in
1155 2900 1355 2953 provincia
1380 2899 1520 2938 Scinde
1546 2900 1663 2937 Indiae
1684 2897 1854 2938 borealis

168 2972 278 3017 lecta
305 2972 437 3011 forsan
461 2973 500 3009 in
521 2970 748 3010 Belutschia
770 2966 947 3007 calidiori
969 2965 1131 3003 habitat.
