2021 3235
909 113 995 159 473

111 209 209 266 pula
236 206 505 251 cinerascens
531 205 622 249 basi
651 205 956 249 suffrutescens
983 206 1113 249 ramis
1131 205 1476 258 ascendentibus,
1505 204 1615 247 foliis
1632 203 1802 246 inferio-

110 266 227 309 ribus
268 264 399 308 ovatis
437 263 602 307 caeteris
639 263 834 319 ellipticis
871 270 911 306 et
945 264 1179 307 linearibus
1216 263 1406 311 obtusis,
1453 262 1632 305 racemis
1679 261 1798 315 laxis,

108 323 287 367 bracteis
300 322 546 366 lateralibus
558 322 764 378 pedicello
783 321 1069 375 brevioribus,
1087 322 1204 365 venis
1222 322 1423 365 corollam
1447 320 1799 377 subwquantibus

103 380 501 438 oblongo-obovatis
520 380 610 424 basi
638 380 866 423 attenuatis
894 380 1078 437 obliquis
1105 380 1322 423 trinerviis
1340 379 1455 422 venis
1481 378 1601 435 apice
1629 385 1799 421 anasto-

106 439 387 493 mosantibus,
416 439 565 496 petalis
591 437 838 482 lateralibus
874 438 1020 481 carina
1047 439 1332 491 brevioribus,
1359 439 1531 494 capsula
1561 437 1637 480 alis
1665 436 1801 479 subla-

106 498 203 542 tiori
243 496 378 541 sessili
402 497 493 540 basi
521 499 736 540 attenuata
764 497 995 540 obcordata
1022 498 1168 553 glabra
1196 498 1277 540 late
1312 495 1699 551 alato-niarginata
1735 503 1794 544 26.

105 558 158 600 P.
184 558 394 613 pruinosa
421 556 555 599 Boiss.
585 556 734 612 Diagn.
765 555 855 598 Ser.
889 555 930 609 Ι,
971 556 1012 609 l,
1051 570 1092 613 p.
1125 555 1150 600 8
1189 556 1257 611 (ex
1290 562 1408 612 parte
1436 554 1574 612 quoad
1612 554 1798 611 plantam

104 615 402 673 Anatolicam).

161 686 262 723 Hab.
281 686 315 722 in
330 686 447 723 siccis
460 684 653 722 montanis
670 687 708 721 et
723 683 868 731 'alpinis
888 682 1092 731 AnatoHae,
1108 683 1224 722 Caria
1242 685 1279 721 in
1298 687 1427 720 monte
1446 683 1591 720 Cadmo
1613 678 1742 738 (Boiss
1757 680 1797 733 !)‚

103 745 226 794 Lycia
249 756 368 792 supra
394 745 545 781 Elmalu
567 736 775 793 (Bourgl),
800 742 1032 790 Pamphylia
1050 748 1090 780 et
1109 744 1257 781 Pisidia
1275 743 1412 792 (Heldr
1430 742 1474 793 !),
1493 742 1631 779 Cilicia
1650 741 1729 790 (Ky
1749 735 1797 794 l),

104 804 208 843 circa
233 803 441 842 Safranbol
466 807 504 841 et
528 801 787 840 Kastamouni
814 802 977 849 (Wiedl
997 799 1035 856 ),
1073 803 1205 841 Tokat
1233 803 1347 852 (Noe
1365 800 1373 842 l
1392 802 1426 852 )‚
1467 803 1503 839 in
1539 801 1801 850 Cappadociae

102 866 231 901 monte
254 863 557 910 Karamasdagh
579 863 718 910 (Ball),
743 861 930 899 Armenia
954 862 1082 912 (Auch
1107 874 1188 900 exs.
1215 860 1374 912 42021)
1402 866 1439 900 et
1455 873 1573 909 supra
1601 860 1799 898 Gumucli-

101 921 202 960 kane'
228 922 390 972 (Bourg
409 919 470 973 l),
506 922 623 970 Syria
647 922 730 960 bor.
757 921 861 960 circa
887 921 1031 959 Aintab
1057 925 1096 959 et
1127 922 1304 960 Marascli
1345 918 1548 975 (Hausskl
1568 921 1595 968 ).
1632 920 1690 958 Fl.
1718 922 1799 956 aest.

101 982 270 1020 ineunte.

158 1051 294 1088 Flores
334 1050 494 1098 magnit.
535 1050 580 1087 Ρ.
622 1050 836 1089 Nicaeensis
870 1062 892 1087 a
927 1049 1002 1099 qua
1027 1053 1063 1087 ct
1099 1049 1278 1088 affinibus
1304 1050 1378 1089 alis
1406 1048 1575 1097 obliquis
1602 1048 1730 1096 gibbis
1759 1051 1800 1085 ct

101 1110 263 1161 capsula
289 1110 493 1158 irregulari
519 1110 668 1161 differt3
696 1110 789 1148 folia
808 1110 1082 1155 crassiusoula,
1105 1110 1221 1147 flores
1249 1110 1546 1148 caerulescentes
1566 1108 1691 1145 rarius
1710 1119 1798 1155 pur-

100 1181 222 1217 purei.

102 1292 131 1334 B
156 1235 201 1335 1β.
224 1233 436 1334 Plhryqia.
467 1232 645 1290 Capsula
663 1234 752 1277 basi
782 1232 1008 1290 abruptius
1036 1239 1265 1276 attenuata.
1298 1233 1350 1276 P.
1379 1233 1571 1289 Pleryqia
1598 1231 1730 1275 Boiss.
1759 1238 1800 1274 ct

135 1306 156 1334 a
180 1328 187 1334 .
220 1306 245 1349 p
269 1327 275 1334 .
308 1306 393 1334 exs.

158 1362 260 1401 Hab.
285 1362 324 1399 in
352 1361 527 1411 Phrygia
552 1374 674 1411 prope
701 1361 867 1401 Ouchak
895 1358 984 1415 (Bal
1003 1360 1048 1412 !).

189 1536 220 1588 †
251 1538 277 1585 †
311 1536 483 1585 Capsula
517 1537 717 1586 aequaliter
750 1537 897 1575 biloba.
930 1537 1151 1575 Filamenta
1186 1538 1235 1575 ad
1270 1540 1336 1575 aut
1360 1537 1440 1574 fere
1466 1537 1514 1574 ad
1556 1537 1708 1584 apicem

812 1614 1087 1662 monadelplia.

547 1759 583 1785 a.
619 1747 703 1786 Alae
729 1747 878 1786 corolla
905 1747 1108 1786 manifeste
1135 1749 1351 1786 breviores.

734 1886 780 1933 ><
812 1882 982 1932 Capsula
1006 1884 1171 1922 sessilis.

156 2010 212 2052 P.
231 2010 521 2054 venulosa
549 2009 701 2067 (Sibth.
735 2019 776 2055 et
803 2011 888 2056 Sm.
922 2011 1071 2054 Prodr.
1103 2012 1145 2065 ⁶2,
1176 2026 1216 2069 p.
1240 2012 1333 2068 52),
1363 2011 1459 2068 pilis
1487 2011 1687 2068 crispulis
1713 2010 1800 2053 hir-

100 2067 210 2132 tula3
250 2067 444 2110 caulibus
480 2070 810 2113 ascendentibus
847 2070 1080 2126 gracilibus
1115 2071 1270 2128 saepius
1298 2070 1524 2126 elongatis,
1552 2069 1664 2112 foliis
1691 2070 1799 2112 infe-

99 2126 286 2168 rioribus
328 2126 747 2185 obovato-oblongis
797 2129 964 2172 caeteris
1016 2129 1212 2186 cllipticis
1262 2130 1324 2172 vel
1367 2128 1600 2172 linearibus
1644 2128 1796 2182 acutis,

100 2184 280 2227 racemis
316 2185 561 2241 paucissoris
587 2187 858 2239 laxiuscufis,
900 2188 976 2230 alis
1004 2189 1161 2231 corolla
1189 2188 1366 2231 dimidio
1393 2187 1663 2230 brevioribus
1695 2187 1799 2230 obo-

99 2243 430 2299 vato-oblongis
471 2246 914 2303 attenuato-stipitatis
964 2246 1179 2290 trincrviis
1206 2247 1324 2289 venis
1361 2245 1794 2299 anastomosantibus‚

98 2301 247 2358 petalis
282 2302 529 2347 lateralibus
565 2304 754 2348 carinam
791 2306 924 2348 multo
961 2306 1290 2362 superantibus,
1330 2305 1500 2362 capsula
1537 2304 1684 2360 glabra
1720 2304 1796 2347 alis

99 2360 329 2403 sublatiore
366 2361 543 2405 obovata
580 2362 699 2420 apice
736 2365 962 2407 subretusa
1009 2371 1069 2413 26.
1118 2364 1157 2407 lc
1214 2364 1275 2406 Fl.
1316 2364 1448 2407 Graec.
1493 2363 1574 2406 tab.
1607 2362 1706 2406 669.
1738 2363 1791 2407 P.

98 2420 323 2462 ascendens
349 2419 496 2463 Clarke
524 2421 568 2463 in
594 2421 772 2478 Spreng.
804 2423 928 2465 Entd.
962 2422 1036 2475 Ill,
1068 2437 1107 2479 p.
1140 2422 1238 2465 4602.

158 2491 258 2529 Hab.
284 2492 321 2527 in
354 2493 506 2530 saxosis
540 2494 714 2541 regionis
740 2495 877 2531 calidae
901 2495 1001 2531 inter
1027 2496 1247 2533 suffrutices
1272 2495 1543 2543 spinescentes
1568 2493 1709 2541 saepius
1735 2495 1795 2530 in-

99 2550 256 2595 tricata,
282 2550 413 2589 Attica
441 2552 493 2589 ad
516 2552 670 2591 radices
701 2553 877 2602 Hymetti
910 2558 948 2591 et
981 2553 1187 2602 Lycabetti
1227 2545 1389 2605 <Boissl
1429 2547 1579 2600 S'prun!
1615 2553 1793 2603 Heleni),

99 2608 235 2647 insulae
257 2610 512 2660 Archipelagi
539 2608 714 2666 (Glauke,
744 2610 892 2663 Orphl)
921 2612 1037 2652 Creta
1062 2612 1193 2663 (Siebl
1220 2613 1341 2650 Heldr
1358 2611 1399 2662 !),
1418 2612 1578 2650 Rhodus
1597 2608 1793 2666 (Heldrl),

101 2666 253 2717 Cyprus
281 2667 455 2724 (silom).
481 2671 540 2708 Fl·
567 2683 672 2710 vere.

161 2735 301 2774 Caules
325 2739 462 2774 tenues
486 2737 650 2776 flexuosi
677 2737 753 2778 5-4
778 2739 990 2787 pollicares
1017 2743 1054 2776 et
1079 2751 1163 2777 cum
1190 2740 1292 2776 inter
1317 2750 1445 2777 ramos
1473 2738 1687 2778 ascendunt
1714 2739 1792 2779 lon-

102 2795 248 2845 giores,
277 2797 426 2834 corolla
450 2798 597 2844 pallide
622 2799 788 2837 caerulea
812 2795 840 2837 5
860 2795 888 2837 6
916 2799 983 2835 lin.
1015 2799 1143 2846 longa.
