2021 3235
1072 1 1156 45 828

269 90 428 155 glabri-s
454 90 560 134 facie
579 97 628 157 et.
655 92 782 136 dorso
810 94 962 137 obtuso
1003 95 1065 137 vix
1109 96 1390 140 canaliculato
1418 99 1626 155 profunde
1654 105 1695 143 et
1722 106 1956 147 transverse

267 163 453 204 rugosis,
485 164 646 194 semine
673 151 825 195 crebre
852 154 1306 211 pustuloso-punrtato
1343 164 1403 205 26.

325 219 426 256 Hab.
458 220 509 257 ad
545 222 740 270 margines
764 234 949 271 agrorum
985 227 1023 261 et
1046 224 1081 260 in
1108 225 1262 262 incultis
1289 224 1411 274 Syriae
1434 227 1632 265 interioris
1667 227 1717 265 ad
1741 227 1894 278 Aleppo
1920 236 1956 270 et

262 279 416 316 Harran
442 277 519 331 (Ky
545 292 625 318 exs.
652 279 766 320 247!
795 282 1008 331 Hausskl),
1033 283 1082 320 ad
1106 283 1341 322 Damascum
1371 281 1540 340 (Gaitl!)‚
1567 287 1769 325 maritimae
1786 288 1836 326 ad
1859 289 1954 328 Tor·

263 342 388 375 tosam
412 337 585 390 (Gailu),
608 340 760 378 Libano
787 353 909 390 usque
936 342 984 379 ad
1011 341 1159 381 Cedros
1179 342 1311 393 (Boiss
1326 336 1377 398 l),
1403 345 1610 384 Palaestina
1634 347 1826 385 maritima
1850 352 1887 386 et
1908 351 1955 388 ad

262 397 576 447 Hierosolymam
605 399 736 450 (Boiss
757 402 798 447 Ι).

265 522 274 531 .
322 464 453 562 ΟεὲΙίε
478 477 563 563 elligi
596 467 709 504 adest
736 463 795 518 ¹s2
809 466 851 506 -1
883 468 1057 518 pedalis,
1094 469 1231 517 petioli
1256 469 1373 508 flores
1407 471 1527 510 multo
1561 476 1816 524 superantes,
1840 475 1955 515 flores

262 528 367 563 inter
395 536 459 562 um
484 537 507 562 a
552 526 574 563 i.

320 659 381 701 A.
416 658 724 702 rufescens
751 657 901 702 (Boiss.
932 657 1083 714 Diagn.
1113 657 1201 701 Ser.
1233 658 1288 711 Il,
1319 659 1351 710 1,
1382 673 1421 716 p.
1453 659 1540 703 402
1567 661 1646 703 sub
1672 660 1861 719 Althoed)
1894 670 1952 706 te-

266 715 406 758 nuiter
433 717 927 770 tomentoso-rufescens,
956 717 1074 760 caule
1101 716 1252 760 humili
1281 717 1448 761 inferne
1476 733 1645 762 ramoso
1689 720 1818 764 ramis
1861 729 1948 765 tan-

263 775 357 818 dem
389 775 511 830 longe
539 775 713 830 virgatis
741 789 924 832 superne
952 775 1237 833 subaphyllis,
1267 776 1376 819 soliis
1404 777 1851 822 cordato-orbiculatis
1877 781 1952 824 ob-

263 841 355 876 tuse
384 833 560 885 tomus,
592 834 770 877 floribus
807 833 1134 887 subsessilibus‚
1166 834 1386 878 Involucro
1420 837 1558 894 calyce
1589 836 1711 893 triplo
1738 837 1950 894 breviore,

262 892 416 948 calycis
444 892 552 935 lobis
580 892 916 948 triangularibus
952 893 1111 946 acutis,
1148 893 1296 950 petalis
1337 893 1500 937 flavidis
1543 896 1715 949 retusis,
1758 898 1952 954 carpellis

261 950 431 993 hirtulis
459 951 584 993 dorso
613 951 784 994 sulcatis
823 959 1147 1008 transverseque
1184 953 1421 1008 corrugatis
1458 954 1652 1010 margine
1680 955 1952 1001 acutiusculis

262 1009 548 1063 denticulatis,
578 1010 741 1054 semine
768 1010 859 1054 laevi
895 1017 953 1059 36.

321 1081 421 1119 Hab.
447 1080 485 1117 in
510 1081 624 1119 cultis
662 1079 859 1119 derelictis
885 1080 1008 1129 Syriae
1031 1081 1135 1119 circa
1162 1082 1316 1130 Aleppo
1342 1080 1498 1128 (Boissl
1525 1081 1590 1130 Ky
1615 1094 1700 1122 eXS.
1733 1079 1850 1125 218!
1880 1086 1950 1124 sub

261 1142 292 1179 A
325 1140 490 1191 είνῖαιιῖ),
518 1141 555 1177 in
581 1145 709 1178 monte
735 1139 858 1179 Gebel
891 1140 1092 1179 Khaisoun
1118 1152 1242 1191 prope
1266 1140 1500 1179 Damascum
1524 1134 1723 1194 (Gaitlt),
1749 1145 1787 1182 in
1825 1151 1948 1184 monte

261 1200 385 1268 Gebel
419 1200 552 1283 rAbiad
594 1201 694 1238 inter
734 1201 859 1238 Hama
897 1204 934 1238 et
972 1199 1195 1249 Palmyram
1231 1198 1358 1252 (Blt)
1377 1230 1387 1249 ‚
1424 1201 1529 1239 circa
1566 1201 1711 1241 Banias
1736 1204 1950 1243 Palaestinae

262 1255 466 1358 (Βὲιὶῗῃὶέ
471 1288 527 1358 '1¹
534 1316 627 1374 [2-2
649 1320 801 1368 pedalis
830 1332 854 1358 a
875 1320 1110 1368 praecedenti
1138 1319 1304 1358 racemis
1329 1318 1523 1368 elongatis
1548 1333 1715 1370 superne
1739 1324 1946 1373 subaphyl-

262 1379 329 1425 lis,
357 1380 539 1429 carpellis
558 1379 723 1418 birtellis
748 1380 923 1428 margine
947 1379 1071 1418 acutis
1095 1383 1133 1418 et
1157 1378 1327 1418 cristatis
1351 1379 1546 1418 distincta.

335 1513 397 1555 A.
431 1512 800 1556 remotissora
843 1509 1005 1567 <Boiss.
1038 1516 1078 1553 et
1105 1510 1248 1553 Heldr.
1280 1509 1428 1565 Diagn.
1461 1509 1550 1553 Ser.
1584 1510 1622 1561 I,
1652 1510 1766 1563 VIII,
1794 1526 1835 1568 p.
1869 1511 1949 1558 108

264 1570 341 1612 sub
369 1570 549 1622 Altlzoeci)
579 1569 764 1613 tenuiter
790 1576 1029 1612 tomentosa
1056 1569 1195 1626 grisea
1223 1569 1446 1622 scabrida,
1481 1570 1599 1612 caule
1642 1569 1794 1612 humili
1837 1571 1949 1614 tenui

263 1629 441 1684 virgato,
472 1629 581 1672 foliis
609 1630 719 1672 ultra
761 1628 949 1672 medium
977 1627 1053 1670 5-7
1091 1627 1444 1684 palmati-partitis
1478 1628 1706 1684 segmentis
1747 1628 1949 1685 oblongo-

262 1687 493 1731 linearibus
531 1688 693 1731 obtusis
729 1686 1124 1739 sinuato-dentatis,
1162 1686 1272 1730 foliis
1314 1686 1608 1744 superioribus
1645 1687 1688 1730 in
1731 1696 1949 1744 segmenta

261 1746 438 1789 linearia
466 1747 708 1804 tripartitis,
728 1746 838 1790 foliis
856 1745 1157 1789 subsessilibus
1185 1746 1274 1789 laxe
1300 1746 1546 1798 1‘acemosiS‚
1566 1746 1785 1790 involucro
1813 1748 1949 1805 calyce

259 1805 436 1848 dimidio
466 1806 678 1858 breviore,
708 1806 862 1863 calycis
898 1804 1006 1848 lobis
1042 1804 1286 1848 lanceolatis
1322 1805 1483 1858 acutis,
1518 1805 1669 1862 petalis
1710 1805 1949 1850 obcordatis

257 1864 412 1920 pallide
442 1865 593 1918 roseis,
622 1865 817 1922 carpellis
846 1863 951 1907 facie
967 1863 1127 1919 glabris
1155 1863 1206 1906 ad
1235 1863 1422 1907 medium
1450 1864 1565 1907 dorsi
1600 1863 1835 1908 subsulcati
1872 1879 1948 1922 pu-

259 1923 420 1966 berulis
449 1930 687 1967 transverse
713 1922 951 1979 corrugatis
979 1922 1173 1978 margine
1200 1922 1493 1976 acutiusculis,
1514 1922 1676 1966 semine
1704 1923 1794 1966 laevi
1832 1928 1888 1969 26.

319 1994 417 2032 Hab.
444 1995 481 2031 in
522 1994 670 2042 campis
710 1994 806 2031 mari
829 1993 1001 2030 finitimis
1025 1984 1265 2040 Pamphyliae
1290 2004 1426 2030 versus
1451 1993 1608 2030 fluvium
1648 1991 1944 2032 Gatarrhactum

260 2050 457 2104 (Heldrl),
484 2054 521 2090 in
544 2054 731 2091 Armenia
756 2054 805 2091 ad
831 2051 1141 2091 Gumuclikhane
1168 2047 1287 2107 (Thih
1303 2052 1344 2102 l).

319 2119 459 2158 Facies
486 2125 524 2158 et
549 2122 679 2159 caules
705 2125 840 2158 tenues
863 2120 907 2158 A.
932 2120 1163 2168 rufescentis
1188 2119 1257 2157 sed
1283 2119 1379 2157 folia
1411 2119 1530 2156 multo
1556 2119 1787 2167 profundius
1811 2119 1948 2168 divisa,

260 2180 434 2228 carpella
454 2181 605 2219 minora
629 2192 741 2219 secus
767 2181 908 2218 lineam
935 2179 1102 2218 mediam
1127 2178 1225 2218 disci
1251 2183 1398 2217 tantum
1423 2178 1540 2216 hirta.

318 2320 380 2363 A.
413 2320 853 2365 lavateraessora
881 2320 968 2375 (nc.
1014 2318 1164 2362 Prodr.
1196 2319 1237 2371 l,
1281 2333 1322 2376 p.
1363 2308 1446 2361 437
1476 2318 1555 2361 sub
1595 2318 1791 2367 Althoed)
1833 2318 1948 2360 caule

259 2385 402 2421 erecto
429 2378 610 2435 simplici
639 2378 793 2435 saepius
821 2379 952 2431 elato,
993 2376 1103 2420 soliis
1138 2378 1261 2434 longe
1306 2376 1515 2433 petiolatis
1543 2377 1744 2434 adpresse
1788 2384 1948 2419 tomen-

261 2437 369 2478 tellis
389 2437 563 2480 sericeis
592 2437 731 2480 nervis
758 2437 907 2480 subtus
934 2435 1206 2493 prominulis,
1235 2435 1392 2478 infimis
1420 2435 1762 2493 palmatipartitis
1788 2434 1948 2478 caeteris

262 2495 470 2551 digitatim
490 2496 613 2539 sectis
641 2495 872 2552 segmentis
890 2494 962 2538 5-:3
989 2509 1010 2537 e
1039 2494 1130 2539 basi
1157 2498 1380 2551 angustata
1408 2493 1857 2550 oblongo-lanceolatis
1875 2493 1949 2536 ob-

263 2553 366 2596 tusis
410 2554 705 2610 irregulariter
749 2553 1159 2607 lobulato-crenatis,
1188 2553 1366 2596 floribus
1395 2552 1714 2604 subsessilibus‚
1745 2551 1950 2595 involucri

263 2613 403 2669 calyce
431 2613 596 2656 hirsuto
624 2613 832 2657 brevioris
859 2612 1098 2668 calycisque
1126 2612 1290 2655 laciniis
1319 2611 1851 2668 triangulari-lanceolatis,
1883 2624 1951 2667 pe-

263 2670 357 2713 talis
384 2672 627 2714 obcordatis
669 2672 833 2715 intense
869 2671 1089 2724 violaceis,
1120 2670 1314 2728 carpellis
1356 2670 1479 2713 hirtis
1514 2670 1703 2726 undique
1741 2669 1950 2725 rugulosis

264 2729 391 2772 dorso
419 2730 791 2773 subcanaliculatis
833 2730 1026 2786 margine
1068 2729 1368 2781 acutiusculis,
1403 2729 1566 2772 semine
1615 2728 1798 2771 tenuiter
1833 2728 1946 2771 albo-

266 2796 464 2843 punctato
502 2797 561 2838 25.
600 2790 650 2833 A.
684 2790 865 2843 rlz‘ylitutaef
897 2788 1026 2832 Boiss.
1059 2788 1206 2844 Diagn.
1236 2787 1325 2830 Ser.
1359 2788 1390 2839 l,
1420 2787 1530 2839 Vlll,
1560 2801 1599 2845 p.
1634 2786 1729 2830 10ss.
