2021 3235
397 511 766 620 FLORA
878 511 1571 621 ORIENTALIS

569 1179 872 1260 PLANTAE
945 1179 1404 1259 VASCULARES

482 1377 722 1445 class.
766 1377 805 1443 Ι.
873 1376 1501 1444 ὓΙῦῠΤΥιΕΠῦΝΕΙΕ

605 1547 810 1597 Subclass.
842 1548 1266 1597 THALAMIFLORAE.
1302 1548 1378 1599 DC.

191 1693 332 1736 Petala
357 1692 557 1737 distincta
583 1682 851 1751 staminaque
888 1694 1072 1737 thalamo
1108 1693 1271 1738 inserta
1298 1694 1526 1753 hypogyna
1554 1711 1578 1739 a
1605 1697 1751 1755 calyce
1780 1697 1832 1740 li-

137 1751 255 1795 bera.
286 1751 487 1796 Ovarium
513 1753 699 1797 liberum
727 1753 984 1811 (superum).

193 1832 299 1870 Inter
329 1831 632 1876 Thalamiflorus
667 1836 849 1871 auctores
881 1833 1014 1880 plures
1047 1835 1206 1871 secutus
1241 1832 1400 1872 ordines
1433 1837 1642 1883 sequentes
1678 1834 1829 1883 Calyci-

134 1890 244 1929 floris
278 1892 422 1941 saepius
447 1893 726 1931 adnumeratos
754 1892 949 1930 recensui.
984 1889 1028 1929 1Ο
1052 1891 1331 1942 Paronyohieae
1360 1894 1537 1942 quamvis
1568 1895 1710 1943 petalis
1746 1906 1832 1932 cum

135 1951 270 2000 calyce
296 1952 449 1990 coalitis
473 1955 511 1990 et
534 1953 765 1991 staminibus
782 1952 986 2000 perigynis
1005 1963 1109 2000 saepe
1129 1953 1282 1991 donatae
1305 1953 1595 2002 placentatione
1613 1956 1652 1991 et
1671 1953 1830 1993 charac-

134 2011 281 2049 teribus
305 2012 354 2049 ab
372 2010 545 2050 Alsineis
568 2024 645 2051 non
668 2012 899 2060 separandae
922 2014 1035 2062 sunt3
1060 2012 1098 2048 in
1123 2012 1320 2051 nonnullis
1347 2012 1520 2051 Alsineis
1545 2013 1752 2051 staminum
1776 2014 1830 2051 in-

136 2070 254 2108 sertio
286 2082 439 2120 quoque
470 2072 664 2121 perigyna
694 2074 766 2110 est.
797 2069 844 2109 20
867 2071 1114 2110 Porculaceoe
1145 2072 1344 2121 pleraeque
1368 2072 1511 2121 petalis
1537 2076 1575 2111 et
1599 2073 1832 2111 staminibus

134 2128 356 2178 hypogynis
380 2131 553 2180 gaudent
576 2131 754 2180 quamvis
788 2131 827 2169 in
854 2143 999 2181 genere
1022 2131 1234 2170 Portulaca
1256 2132 1433 2170 ovarium
1457 2132 1742 2170 semiadnatum
1768 2133 1830 2171 sit.

135 2187 182 2228 5⁰
215 2189 462 2239 Molluyineae
485 2191 684 2229 Ficoideis
707 2193 747 2229 et
770 2190 1095 2229 Amaranthaceis
1121 2190 1257 2228 affines
1287 2194 1416 2229 tamen
1449 2191 1601 2230 duobus
1627 2192 1832 2230 ordinibus

135 2249 447 2296 praecedentibus
470 2250 605 2289 habitu
625 2253 663 2288 et
682 2251 843 2288 seminis
867 2250 1019 2290 fabrica
1043 2250 1169 2299 magis
1194 2250 1382 2299 proximae
1404 2250 1601 2291 videntur.
1624 2249 1672 2290 40
1694 2251 1833 2291 Tama-

134 2307 310 2353 riscineae
338 2310 495 2349 tandem
527 2310 704 2359 quamvis
735 2310 895 2349 insertio
927 2310 1119 2359 perigyna
1143 2310 1193 2348 sit
1221 2321 1245 2347 a
1266 2309 1574 2349 Frankeniaceis
1601 2314 1639 2349 et
1661 2311 1831 2361 Hyperi-

136 2368 256 2407 cineis
280 2381 358 2408 non
382 2370 633 2410 removendae
658 2372 760 2409 sunt.

373 2516 536 2565 ORD.
570 2518 612 2566 I.
646 2516 1258 2566 RANUNCULACEAE.
1292 2518 1432 2566 Juss.
1468 2515 1593 2566 251.

194 2636 339 2682 Flores
365 2639 586 2695 regulares
610 2640 676 2683 vel
702 2639 979 2697 irregulares.
1009 2639 1134 2698 Calyx
1159 2639 1187 2683 5
1214 2640 1354 2684 rarius
1380 2639 1459 2684 3-ss
1488 2640 1657 2697 sepalus
1676 2639 1834 2696 sepalis

139 2695 292 2752 sa3pius
318 2697 583 2754 petaloideis.
614 2698 757 2742 Petala
791 2699 945 2755 sepalis
972 2698 1127 2757 saepius
1152 2713 1336 2744 numero
1369 2698 1551 2757 aequalia
1587 2712 1701 2756 saepe
1730 2712 1833 2742 nec-

139 2755 373 2799 tariformia
412 2756 630 2801 interdum
665 2758 797 2801 nulla.
836 2756 1026 2801 Stamina
1060 2758 1289 2816 hypogyna
1320 2758 1457 2801 libera
1492 2757 1717 2801 indefinita
1754 2771 1833 2800 an-

136 2812 266 2857 theris
293 2814 458 2858 adnatis
484 2815 594 2859 rima
620 2815 794 2873 duplici.
825 2815 1015 2873 Carpella
1042 2816 1196 2873 sepalis
1214 2831 1396 2861 numero
1415 2816 1597 2873 aequalia
1614 2817 1680 2859 vel
1707 2815 1830 2858 inde-

138 2870 273 2926 finita,
302 2872 437 2917 libera
462 2875 527 2917 vel
554 2874 837 2929 subconnata‚
866 2874 1168 2930 unilocularia,
1197 2876 1305 2934 stylo
1333 2874 1517 2933 simplici
1543 2876 1611 2918 vel
1638 2874 1835 2930 stigmate

140 2930 273 2974 sessili
300 2938 514 2989 superata.
544 2932 674 2978 Ovula
699 2938 906 2991 anatropa
923 2947 1038 2978 nunc
1064 2933 1253 2978 solitaria
1280 2933 1555 2979 ascendentia
1582 2933 1715 2992 raphe
1738 2946 1836 2976 ven-

1598 3026 1614 3060 1
