2021 3235
952 172 1035 216 887

202 345 257 387 E.
293 345 874 389 trichomanefolium
902 344 1069 401 (L'Her.
1103 343 1146 386 in
1175 356 1241 386 Dc.
1275 342 1425 385 Prodr.
1456 343 1488 393 Ι,
1511 357 1549 399 p.
1571 341 1676 398 645)
1699 349 1833 385 totum

145 402 274 445 dense
303 411 341 445 et
371 401 556 445 breviter
581 403 1032 458 glanduloso-hirtum,
1054 401 1311 459 cespitosum
1341 401 1504 453 acaule,
1534 401 1644 444 soliis
1674 400 1837 443 ambitu

143 460 592 517 oblongo-lanceolatis
634 460 971 517 bipinnatisectis
1013 460 1168 504 lobulis
1210 459 1385 502 minutis
1422 459 1617 515 oblongis
1644 459 1837 510 obtusis,

143 518 396 575 pedunculis
423 518 495 561 2-4
521 518 665 568 floris,
696 520 849 576 sepalis
886 517 1337 576 glanduloso-liirsutis
1379 517 1629 560 brevissime
1665 531 1837 560 mucro-

141 576 268 631 natis,
297 577 446 635 petalis
474 578 703 635 purpureis
731 579 872 636 calyce
900 579 1026 636 paulo
1060 576 1345 634 longioribus,
1375 575 1572 632 carpellis
1581 611 1667 618 .....
1700 584 1760 626 26.

203 647 302 686 Hab.
330 648 366 684 in
393 647 675 685 excelsioribus
700 648 840 686 Libani
864 644 1063 703 (Labillt),
1086 648 1124 685 in
1148 651 1279 685 monte
1306 646 1434 694 Djord
1458 646 1598 694 Dybab
1617 658 1736 694 supra
1757 647 1831 683 Be-

142 706 279 744 cherrc
306 703 389 760 (Ky
415 718 496 744 exs
520 705 659 757 5112).
685 706 743 744 Fl.
772 712 854 746 aest.

199 771 245 825 β.
276 769 546 826 albiflorum.

199 840 299 878 Hab.
320 840 358 877 in
382 840 631 888 Antilibano,
663 851 772 877 mons
809 840 980 876 Hermon
1018 851 1136 887 supra
1173 849 1297 886 pagos
1329 837 1536 883 Rascheya
1561 842 1598 874 et
1624 836 1730 885 Orny
1754 833 1837 889 (Ky

141 911 221 936 exs.
247 897 330 938 211
351 893 397 953 l).

203 967 364 1016 Species
388 967 478 1004 mihi
505 979 552 1004 ex
576 966 711 1014 paucis
737 971 774 1003 et
799 965 1048 1015 incompletis
1066 965 1345 1014 speciminibus
1369 968 1516 1002 tantum
1542 968 1647 1012 nota,
1675 963 1837 1012 glandu-

140 1027 298 1064 lositate
322 1027 371 1064 ad
407 1027 449 1064 E.
485 1027 732 1064 leucamkum
759 1026 972 1073 accedenS,
991 1025 1061 1064 sed
1090 1025 1354 1062 indumentum
1382 1025 1540 1063 brevius
1569 1023 1649 1060 fere
1680 1023 1835 1071 pruino-

140 1097 236 1133 sum,
263 1083 395 1125 caules
420 1086 513 1123 nulli
538 1090 575 1123 et
600 1085 780 1124 foliorum
802 1085 980 1123 lacinulae
998 1085 1240 1122 brevissimae
1264 1084 1428 1121 minimae
1451 1084 1611 1122 obtusae.
1630 1082 1732 1121 Olim
1750 1093 1834 1120 cum

140 1144 212 1183 hac
239 1146 371 1193 specie
395 1146 432 1183 in
455 1145 555 1194 Voy.
581 1146 667 1183 Bot.
694 1145 791 1196 Esp.
820 1145 864 1183 E.
892 1144 1247 1193 clleilanthisolz'um
1271 1144 1464 1181 immerito
1491 1142 1732 1190 combinavi,
1759 1141 1835 1179 hoc

143 1205 274 1243 differt
298 1206 400 1253 pube
424 1205 580 1243 cinerea
612 1217 688 1242 non
724 1205 981 1256 glandulosa,
1009 1204 1112 1243 soliis
1145 1204 1290 1243 ambitu
1316 1202 1661 1252 ovato-oblongis,
1695 1201 1835 1250 petalis

141 1265 407 1313 superioribus
430 1264 647 1302 maculatis.

204 1428 260 1472 Ε.
288 1429 586 1473 Amanum
612 1428 767 1476 (Boiss.
800 1435 840 1471 et
867 1429 955 1486 Ix'y)
992 1428 1103 1485 pube
1132 1427 1407 1483 eglandulosa
1443 1439 1623 1477 canum,
1653 1426 1834 1481 cespito-

146 1499 262 1540 sum,
293 1487 526 1531 rhizomate
555 1502 698 1531 crasso
725 1487 981 1544 pluricipiti,
1011 1486 1121 1530 soliis
1156 1486 1318 1529 ambitu
1347 1484 1541 1541 oblongis
1568 1483 1834 1540 pinnatipar-

142 1543 227 1588 titis
269 1545 500 1602 segmentis
541 1546 674 1589 ovatis
702 1547 910 1604 profunde
947 1552 988 1589 et
1022 1545 1172 1589 obtuse
1198 1544 1373 1597 lobatis‚
1411 1542 1604 1586 caulibus
1633 1542 1832 1585 brevibus

143 1603 554 1660 subscapisormibus
580 1604 883 1663 pedicellisque
910 1605 1051 1661 patule
1078 1603 1277 1657 hirsutis,
1308 1601 1459 1659 sepalis
1492 1601 1834 1645 lineari-lanceo-

133 1661 228 1705 latis
257 1662 435 1720 abrupte
469 1664 724 1707 acuminatis
751 1663 875 1707 hirtis
902 1662 928 1706 5
954 1662 1129 1717 nerviis,
1157 1662 1308 1720 petalis
1316 1696 1403 1704 .....
1423 1698 1433 1715 ,
1463 1660 1660 1717 carpellis
1687 1660 1830 1717 patule

133 1720 411 1765 albo-villosis
438 1729 577 1766 rostro
603 1722 730 1780 triplo
758 1722 1028 1766 brevioribus
1065 1729 1126 1771 ᾏ.

190 1791 294 1833 Hab.
323 1792 360 1829 in
393 1793 637 1841 rupestribus
671 1793 812 1841 alpinis
852 1793 993 1831 montis
1031 1790 1265 1840 Akmadagh
1293 1791 1430 1828 Amani
1455 1790 1493 1827 in
1520 1789 1636 1839 Syria
1671 1791 1827 1829 borcali

132 1849 217 1900 (Ky
242 1863 324 1890 cxs.
349 1849 460 1903 520.

192 1917 301 1956 Folia
325 1920 381 1956 eis
406 1920 662 1967 praecedentis
695 1919 811 1967 triplo
844 1920 996 1968 majora
1021 1915 1128 1968 (2⁶⁴2
1147 1914 1199 1971 72
1226 1915 1467 1967 pollicaria)
1491 1913 1627 1958 {minus
1655 1917 1829 1956 dissecta

131 1988 208 2015 non
231 1979 478 2032 glandulosa.

190 2044 255 2097 βὶ)
279 2043 598 2100 ylandulosum.
643 2043 870 2100 Segmenta
913 2042 1111 2086 foliorum
1161 2041 1469 2098 pinnatisecta‚
1513 2041 1741 2097 pedunculi
1785 2048 1828 2084 et

131 2103 295 2160 calyces
321 2102 572 2159 glandulosi.

191 2172 292 2210 Hab.
320 2173 355 2209 in
381 2171 627 2222 rupestribus
650 2172 792 2220 alpinis
816 2172 959 2209 montis
982 2170 1216 2209 Manschura
1232 2169 1448 2208 Antilibani
1474 2167 1550 2221 (Ky
1576 2180 1657 2207 exs.
1682 2167 1824 2222 685t).

189 2240 424 2279 Petala'non
452 2241 555 2288 vidi,
596 2240 721 2278 forma
752 2244 790 2278 et
832 2239 1056 2277 indumento
1095 2238 1278 2276 foliorum
1319 2238 1383 2275 ad.
1405 2237 1449 2275 Ε.
1474 2236 1670 2276 Amanum
1694 2238 1824 2286 potius

130 2311 245 2348 quam
271 2300 319 2337 ad
343 2301 513 2349 speciem
533 2300 819 2349 praecedentem
845 2303 1025 2348 spectare
1052 2298 1218 2336 videtur.

189 2470 245 2513 E.
274 2469 710 2525 chrysanthum
739 2468 910 2524 (L’her.
941 2468 984 2511 in
1013 2481 1079 2512 uc.
1110 2468 1261 2512 Prodr.
1294 2468 1326 2521 l,
1356 2481 1395 2525 p.
1417 2467 1520 2525 645)
1550 2469 1824 2525 cespitosum‚

130 2527 362 2571 rhizomate
390 2541 533 2570 crasso
560 2527 810 2584 plurieipifi,
840 2526 948 2570 foliis
977 2528 1176 2584 adpressc
1203 2526 1606 2582 sericeo-argenteis
1634 2527 1826 2584 bipinna-

131 2585 287 2629 tisectis
314 2585 479 2629 laciniis
506 2586 739 2628 latiusculis
766 2585 928 2628 obtusis
945 2620 954 2638 ,
990 2585 1182 2629 caulibus
1215 2585 1470 2628 abbreviatis
1498 2585 1825 2643 scapisormibus

130 2644 270 2687 rarius
310 2644 574 2702 paucisoliiS,
618 2644 835 2701 pedicellis
879 2644 1118 2701 sepalisque
1160 2644 1291 2687 ovatis
1333 2644 1594 2687 mucronatis
1638 2644 1826 2688 breviter

129 2702 407 2758 glandulosis,
435 2702 585 2760 petalis
613 2703 737 2746 luteis
765 2702 955 2746 obovatis
983 2704 1121 2760 calyce
1148 2703 1276 2759 duplo
1303 2702 1571 2757 longioribus
1589 2738 1598 2756 ‚
1628 2703 1824 2759 carpellis

130 2761 421 2804 albo-hirsutis
450 2768 587 2805 rostro
614 2763 803 2819 sextuplo
830 2761 1097 2804 brevioribus
1131 2769 1167 2810 26
1183 2796 1190 2804 .
1222 2760 1275 2803 E.
1298 2761 1586 2804 absinthoz'des
1603 2761 1663 2804 Fl.
1686 2762 1819 2805 Graec.

130 2819 214 2862 tab.
246 2819 330 2863 6502
358 2834 443 2863 non
471 2819 611 2864 L'her.

190 2891 289 2930 Hah.
325 2893 360 2928 in
396 2893 555 2940 regione
585 2893 715 2941 alpina
744 2892 924 2939 Graeciae,
957 2892 1155 2930 cacumine
1181 2893 1351 2941 Taygeti
1376 2887 1605 2947 (Heldrt).
1633 2892 1825 2942 Kyllenes

131 2951 269 3002 (Hcldr
288 2951 329 3002 l),
359 2952 541 2991 Parnassi
569 2950 713 3005 (Sibtbl
740 2951 862 2991 Heldr
881 2953 887 2988 l
906 2952 930 3000 >.
956 2952 1015 2989 Fl.
1040 2955 1123 2991 aest.
