2021 3235
1041 131 1099 176 42

220 221 335 260 Boiss
351 220 360 261 ἱ
378 220 408 274 ),
433 224 649 264 Antilibani
671 225 708 263 in
727 226 925 264 Hermone
945 223 1076 277 (Boiss
1092 219 1126 277 l)
1140 256 1150 275 ,
1165 227 1361 267 montibus
1386 228 1532 268 Persiae
1555 230 1742 269 australis
1769 228 1907 285 (Auch.

221 292 304 319 cxs.
329 281 431 335 24ss
458 285 495 322 in
514 288 644 324 monte
668 285 759 323 Kuh
784 285 886 323 Delu
904 283 1000 336 (Ky.
1025 297 1107 325 exs.
1133 284 1283 340 4753).
1308 287 1368 326 Fl.
1393 292 1477 327 aest.

219 409 244 446 l.
280 349 425 449 Caules
446 351 521 393 2-5
548 354 758 404 pollicares
782 353 876 393 nudi
915 354 979 392 vel
1016 354 1112 393 folio
1148 356 1260 394 brevi
1299 357 1493 396 instructi.
1524 357 1641 396 Folia
1678 358 1795 398 diam.
1833 357 1909 398 5-6

233 421 343 449 meas
381 415 462 452 ata.

275 476 320 529 β.
351 477 505 532 major.
544 477 645 521 Colli
672 478 835 534 vaginae
876 477 1200 535 glabriusculae,
1243 480 1344 524 folia
1374 480 1501 538 paulo
1543 480 1729 538 majora,
1767 482 1910 526 caules

219 546 332 591 saepe
360 534 438 578 2-:3
464 536 574 579 flori.

278 605 379 644 Hab.
404 607 443 644 in
464 606 633 656 Alpibus
658 606 791 655 Lyciae
815 606 1086 658 (Pestalozza!
1115 606 1312 658 Bourg!)‚
1336 610 1481 647 montis
1504 609 1661 648 Davros
1685 609 1790 660 dagh
1812 610 1911 649 Pisi-

221 663 294 702 diae
308 665 446 713 (Heldr
461 659 470 704 l
488 665 521 716 ),
546 667 668 704 Tauri
686 665 833 705 Cilicici
855 666 934 716 (Ky
952 658 961 704 i
980 667 1051 705 Bal
1066 662 1112 718 l),
1131 667 1360 717 Berytdagh
1375 667 1638 717 Cappadociae
1661 670 1862 716 (Hausskn
1878 668 1907 721 !)

219 788 231 830 l
275 750 331 795 y..
351 729 534 774 Graecus.
565 730 723 774 Similis
748 745 837 774 var.
870 731 1127 788 praecedenti
1159 732 1234 776 sed
1261 733 1547 790 carpellorum
1579 738 1767 776 rostrum
1785 735 1911 791 paulo

235 801 403 845 onglus.

221 860 690 967 OlHab.(Ii{nl(;nontibus
729 861 996 910 Peloponnesi
1032 862 1098 901 alt.
1124 860 1454 913 6000‘-7000‘,
1490 862 1675 913 Kyllene,
1712 862 1909 915 Chelmos‚

273 931 369 957 enos
446 932 465 958 e
513 933 594 973 μ).

278 988 371 1026 Haec
396 987 522 1025 forma
546 988 596 1026 ad
628 988 675 1026 R.
722 988 898 1027 Villarsii
920 986 967 1041 β.
1000 989 1275 1029 Sartorianum
1300 991 1362 1029 cui
1387 992 1478 1029 olim
1502 991 1697 1040 adscripsi
1723 992 1912 1030 accedere

218 1046 374 1085 videtur
398 1047 468 1085 sed
494 1048 678 1096 carpellis
711 1060 789 1086 non
823 1049 1027 1099 carinatis,
1053 1050 1229 1089 caulibus
1263 1051 1350 1099 plus
1386 1051 1563 1090 minusve
1590 1051 1913 1090 decumbentibus

219 1110 258 1143 et
279 1107 382 1144 foliis
407 1107 581 1146 trisectis
605 1107 652 1146 R.
681 1108 847 1147 demisso
872 1109 1171 1158 conjungenda,
1202 1113 1240 1147 et
1273 1113 1416 1158 praeter
1440 1111 1556 1150 flores
1588 1111 1706 1159 paulo
1743 1110 1915 1160 majores

217 1166 361 1214 plantae
384 1167 608 1215 Hispanicae
628 1168 768 1206 similis
793 1171 864 1206 est.
890 1168 1033 1207 Planta
1057 1181 1078 1208 e
1111 1169 1307 1208 montibus
1331 1169 1503 1209 Corsicae
1528 1171 1574 1210 R.
1600 1171 1765 1210 demisso
1790 1171 1910 1208 adnu-

218 1230 370 1264 merata
391 1227 440 1265 ob
474 1226 568 1264 solia
590 1227 808 1277 tripartita,
834 1228 971 1275 sepala
1002 1229 1142 1276 glabra
1167 1233 1206 1268 et
1226 1229 1342 1268 flores
1365 1229 1527 1270 dimidio
1558 1231 1730 1269 minores
1751 1230 1915 1279 propria

217 1286 373 1334 species
396 1297 482 1324 esse
504 1286 675 1333 videtur,
699 1286 747 1326 R.
772 1287 1044 1328 Marsehlinsii
1075 1289 1248 1328 Steudel.

276 1351 357 1391 Ar.
385 1351 547 1404 Geogr.
574 1353 697 1404 Alpes
720 1355 920 1404 Hispaniae
942 1357 1139 1395 australis.

273 1492 335 1535 R.
378 1493 743 1537 eriorrhizus
781 1491 940 1549 <Boiss.
971 1499 1012 1535 et
1047 1492 1188 1536 Buhse
1223 1492 1343 1534 Aufz.
1374 1506 1415 1549 p.
1461 1491 1502 1534 5.
1542 1491 1628 1535 tab.
1676 1492 1708 1534 Ι.
1755 1491 1826 1548 fig.
1867 1491 1912 1547 8)

217 1549 452 1593 rhizomale
478 1551 659 1594 bulboso
687 1550 835 1594 conico
868 1551 965 1608 pilis
999 1551 1106 1595 albis
1133 1551 1264 1595 dense
1292 1551 1459 1596 hirsuto
1486 1551 1578 1594 basi
1606 1550 1736 1594 fibras
1762 1550 1913 1594 breves

216 1608 376 1662 edenti,
406 1609 518 1653 foliis
544 1610 726 1666 sparsim
744 1609 903 1655 villosis
930 1609 1093 1654 ambitu
1112 1609 1442 1654 suhorbiculatis
1469 1608 1654 1653 trisectis
1681 1609 1912 1666 segmentis

215 1667 480 1724 longiuscule
512 1669 771 1726 petiolulatis
803 1669 847 1712 in
889 1669 1065 1713 lacinias
1106 1669 1257 1712 breves
1283 1669 1488 1725 oblongas
1529 1667 1604 1711 5-7
1647 1667 1765 1721 fidis,
1795 1669 1913 1711 caule

214 1726 376 1782 pumilo
403 1727 552 1783 glabro
580 1727 867 1783 subunissoro‚
887 1727 1042 1786 sepalis
1059 1727 1234 1782 villosis,
1253 1727 1450 1785 carpellis
1468 1726 1754 1785 (junioribus)
1774 1733 1913 1771 rostro

215 1792 418 1829 uncmato
456 1794 516 1836 36.

274 1855 377 1893 Hab.
391 1855 429 1893 in
446 1857 647 1895 cacumine
663 1857 803 1896 montis
825 1856 1019 1897 Schirkuh
1037 1868 1162 1907 prope
1173 1856 1332 1895 Yezdin
1350 1855 1486 1894 Persia
1505 1855 1686 1894 orientali
1707 1854 1854 1906 (Buhse
1868 1847 1911 1908 l).

217 1913 277 1952 Fl.
304 1916 379 1952 fine
404 1917 553 1964 aprilis.

277 1983 417 2021 Planta
440 1983 515 2023 4-5
538 1984 759 2034 pollicaris‚
788 1986 906 2024 flores
931 1985 1094 2034 magnit.
1128 1984 1176 2023 R.
1209 1984 1335 2032 acris,
1362 1983 1457 2022 folia
1480 1984 1599 2032 longe
1622 1983 1814 2031 petiole-vta
1839 1981 1913 2022 7-9

216 2041 282 2079 lin.
308 2042 399 2081 lata.
426 2043 610 2093 Carpella
643 2045 780 2094 ignota
811 2048 849 2084 et
883 2045 972 2083 ideo
1004 2045 1115 2084 locus
1148 2044 1364 2083 subdubius
1400 2044 1470 2082 sed
1494 2042 1631 2082 habitu
1656 2042 1704 2082 R.
1746 2043 1912 2082 demisso

218 2101 357 2140 affinis.

278 2239 340 2282 R.
369 2238 669 2285 dissectus
698 2241 808 2297 (ΜΒ.
840 2241 969 2284 Taur.
1008 2240 1131 2284 Cane.
1172 2240 1243 2283 Μ.
1280 2254 1321 2297 p.
1358 2239 1438 2297 925)
1468 2240 1564 2297 pilis
1592 2239 1913 2296 erecto-patulis

218 2297 337 2339 valde
366 2297 580 2352 hirsutus,
616 2299 853 2343 rhizomate
889 2299 1006 2342 brevi
1044 2299 1274 2352 fihrilloso,
1304 2298 1415 2343 foliis
1442 2299 1605 2342 ambitu
1643 2298 1775 2342 ovatis
1815 2298 1914 2341 sub-

218 2354 428 2411 pinnatim
473 2357 657 2402 trisectis
694 2357 927 2415 segmentis
968 2357 1012 2401 in
1052 2357 1228 2401 lacinias
1269 2358 1481 2401 confertas
1523 2356 1912 2414 oblongo-lineares

219 2413 408 2470 partitis,
437 2416 557 2459 caule
599 2415 676 2460 1-3
712 2417 842 2470 ssoro,
873 2416 1028 2474 sepalis
1059 2417 1190 2461 dense
1231 2416 1405 2470 lanatis,
1435 2416 1631 2474 carpellis
1658 2415 1914 2473 compressis

219 2473 379 2516 sensim
407 2473 450 2517 in
478 2481 665 2518 rostrum
694 2475 821 2518 breve
848 2475 1101 2519 uncinatum
1128 2475 1386 2519 abeuntibus
1423 2483 1484 2525 26.

280 2544 382 2583 Hab.
407 2545 444 2582 in
468 2547 666 2584 montibus
690 2547 896 2586 altioribus
919 2547 1078 2585 Tauriae
1103 2546 1207 2594 (ΜΒ.
1232 2538 1391 2585 Godet!
1422 2541 1574 2596 Stevl).
1598 2546 1660 2585 ΡΙ.
1685 2548 1767 2584 aest.

280 2611 422 2649 Planta
447 2611 529 2652 7-9
551 2614 752 2661 pollicaris
778 2613 821 2653 R.
847 2612 1104 2654 Szmvitsiano
1128 2614 1245 2652 valde
1271 2613 1397 2652 affinis
1421 2612 1491 2651 sed
1526 2612 1669 2651 villosa
1692 2615 1822 2651 rostro
1846 2623 1914 2650 un-

223 2671 354 2709 cinato
378 2683 450 2711 nec
476 2673 703 2713 cincinnato,

283 2809 344 2852 R.
372 2808 827 2862 Szowitsianus‚
854 2817 1011 2867 praeter
1035 2810 1178 2853 caules
1195 2809 1396 2865 adpresse
1414 2809 1551 2853 hirtos
1568 2808 1802 2865 glabratus‚
1828 2807 1914 2850 rhi-

223 2874 388 2911 zomate
426 2881 662 2924 praemorso
703 2869 755 2912 ad
791 2869 949 2912 collum
981 2869 1111 2912 dense
1147 2866 1380 2922 fibrilloso,
1423 2867 1535 2911 foliis
1575 2866 1739 2911 ambitu
1781 2866 1914 2909 ovatis

223 2925 516 2987 subpinnatim
562 2926 746 2973 trisectis
767 2975 770 2980 ,
794 2926 1027 2987 segmentis
1068 2925 1289 2972 sessilibus
1336 2925 1380 2970 in
1427 2926 1604 2970 lacinias
1654 2924 1913 2982 oblongo-li-
