<?xml version="1.0" encoding="UTF-8"?>
<!DOCTYPE html PUBLIC "-//W3C//DTD XHTML 1.0 Transitional//EN"
    "http://www.w3.org/TR/xhtml1/DTD/xhtml1-transitional.dtd">
<html xmlns="http://www.w3.org/1999/xhtml" xml:lang="en" lang="en">
 <head>
  <title>
</title>
<meta http-equiv="Content-Type" content="text/html;charset=utf-8" />
  <meta name='ocr-system' content='tesseract 3.04.00' />
  <meta name='ocr-capabilities' content='ocr_page ocr_carea ocr_par ocr_line ocrx_word'/>
</head>
<body>
  <div class='ocr_page' id='page_1' title='image "./floraorientaliss01bois_0559.png"; bbox 0 0 2021 3235; ppageno 0'>
   <div class='ocr_carea' id='block_1_1' title="bbox 910 94 994 138">
    <p class='ocr_par' dir='ltr' id='par_1_1' title="bbox 910 94 994 138">
     <span class='ocr_line' id='line_1_1' title="bbox 910 94 994 138; baseline 0.036 -3"><span class='ocrx_word' id='word_1_1' title='bbox 910 94 994 138; x_wconf 66' lang='lat'>545</span> 
     </span>
    </p>
   </div>
   <div class='ocr_carea' id='block_1_2' title="bbox 109 251 1806 1205">
    <p class='ocr_par' dir='ltr' id='par_1_2' title="bbox 110 251 1806 718">
     <span class='ocr_line' id='line_1_2' title="bbox 169 251 1803 314; baseline 0.005 -19"><span class='ocrx_word' id='word_1_2' title='bbox 169 253 226 295; x_wconf 90' lang='lat' dir='ltr'>D.</span> <span class='ocrx_word' id='word_1_3' title='bbox 253 252 666 308; x_wconf 82' lang='lat' dir='ltr'>calocephalus</span> <span class='ocrx_word' id='word_1_4' title='bbox 694 251 845 309; x_wconf 85' lang='lat' dir='ltr'>&lt;Boiss.</span> <span class='ocrx_word' id='word_1_5' title='bbox 878 252 1025 309; x_wconf 81' lang='lat' dir='ltr'>Diagn.</span> <span class='ocrx_word' id='word_1_6' title='bbox 1057 253 1146 297; x_wconf 88' lang='lat' dir='ltr'>Ser.</span> <span class='ocrx_word' id='word_1_7' title='bbox 1179 254 1217 307; x_wconf 86' lang='lat'>1,</span> <span class='ocrx_word' id='word_1_8' title='bbox 1246 254 1294 297; x_wconf 90' lang='lat' dir='ltr'>Vl</span> <span class='ocrx_word' id='word_1_9' title='bbox 1314 291 1323 308; x_wconf 77' lang='grc'>,</span> <span class='ocrx_word' id='word_1_10' title='bbox 1354 270 1392 312; x_wconf 91' lang='lat' dir='ltr'>p.</span> <span class='ocrx_word' id='word_1_11' title='bbox 1426 256 1498 311; x_wconf 73' lang='lat'>23)</span> <span class='ocrx_word' id='word_1_12' title='bbox 1526 259 1803 314; x_wconf 77' lang='lat' dir='ltr'>glaucescens</span> 
     </span>
     <span class='ocr_line' id='line_1_3' title="bbox 112 309 1801 373; baseline 0.005 -20"><span class='ocrx_word' id='word_1_13' title='bbox 112 310 270 363; x_wconf 84' lang='lat' dir='ltr'>elatus,</span> <span class='ocrx_word' id='word_1_14' title='bbox 313 309 423 353; x_wconf 86' lang='lat' dir='ltr'>foliis</span> <span class='ocrx_word' id='word_1_15' title='bbox 467 310 703 354; x_wconf 85' lang='lat' dir='ltr'>ssaccidulis</span> <span class='ocrx_word' id='word_1_16' title='bbox 740 311 1196 369; x_wconf 79' lang='lat' dir='ltr'>subquinquencrviiS,</span> <span class='ocrx_word' id='word_1_17' title='bbox 1240 314 1389 369; x_wconf 70' lang='lat' dir='ltr'>vagina</span> <span class='ocrx_word' id='word_1_18' title='bbox 1429 316 1630 373; x_wconf 69' lang='lat' dir='ltr'>adpressa</span> <span class='ocrx_word' id='word_1_19' title='bbox 1668 318 1801 362; x_wconf 81' lang='lat' dir='ltr'>caulis</span> 
     </span>
     <span class='ocr_line' id='line_1_4' title="bbox 112 368 1805 432; baseline 0.005 -21"><span class='ocrx_word' id='word_1_20' title='bbox 112 368 240 412; x_wconf 87' lang='lat' dir='ltr'>diam.</span> <span class='ocrx_word' id='word_1_21' title='bbox 272 368 429 425; x_wconf 79' lang='lat' dir='ltr'>pluries</span> <span class='ocrx_word' id='word_1_22' title='bbox 465 369 678 425; x_wconf 80' lang='lat' dir='ltr'>longiore,</span> <span class='ocrx_word' id='word_1_23' title='bbox 725 369 903 412; x_wconf 83' lang='lat' dir='ltr'>floribus</span> <span class='ocrx_word' id='word_1_24' title='bbox 939 371 1069 414; x_wconf 80' lang='lat' dir='ltr'>dense</span> <span class='ocrx_word' id='word_1_25' title='bbox 1103 371 1321 427; x_wconf 79' lang='lat' dir='ltr'>capitatis,</span> <span class='ocrx_word' id='word_1_26' title='bbox 1366 373 1575 417; x_wconf 79' lang='lat' dir='ltr'>involucri</span> <span class='ocrx_word' id='word_1_27' title='bbox 1614 378 1805 432; x_wconf 78' lang='lat' dir='ltr'>squamis</span> 
     </span>
     <span class='ocr_line' id='line_1_5' title="bbox 112 427 1806 492; baseline 0.005 -22"><span class='ocrx_word' id='word_1_28' title='bbox 112 427 572 481; x_wconf 77' lang='lat' dir='ltr'>oblongo-lanceolatis</span> <span class='ocrx_word' id='word_1_29' title='bbox 606 427 648 468; x_wconf 92' lang='lat' dir='ltr'>in</span> <span class='ocrx_word' id='word_1_30' title='bbox 685 427 835 470; x_wconf 70' lang='lat' dir='ltr'>aristas</span> <span class='ocrx_word' id='word_1_31' title='bbox 872 435 1022 472; x_wconf 72' lang='lat' dir='ltr'>tenues</span> <span class='ocrx_word' id='word_1_32' title='bbox 1059 429 1239 486; x_wconf 79' lang='lat' dir='ltr'>abrupte</span> <span class='ocrx_word' id='word_1_33' title='bbox 1277 432 1503 475; x_wconf 80' lang='lat' dir='ltr'>attenualis</span> <span class='ocrx_word' id='word_1_34' title='bbox 1531 435 1806 492; x_wconf 77' lang='lat' dir='ltr'>squamisque</span> 
     </span>
     <span class='ocr_line' id='line_1_6' title="bbox 110 484 1804 551; baseline 0.005 -23"><span class='ocrx_word' id='word_1_35' title='bbox 110 485 275 543; x_wconf 83' lang='lat' dir='ltr'>pallidis</span> <span class='ocrx_word' id='word_1_36' title='bbox 302 484 499 529; x_wconf 82' lang='lat' dir='ltr'>scariosis</span> <span class='ocrx_word' id='word_1_37' title='bbox 527 486 641 527; x_wconf 87' lang='lat' dir='ltr'>hisce</span> <span class='ocrx_word' id='word_1_38' title='bbox 669 485 800 528; x_wconf 72' lang='lat' dir='ltr'>ovatis</span> <span class='ocrx_word' id='word_1_39' title='bbox 827 486 1006 544; x_wconf 77' lang='lat' dir='ltr'>abrupte</span> <span class='ocrx_word' id='word_1_40' title='bbox 1035 495 1075 530; x_wconf 81' lang='lat' dir='ltr'>et</span> <span class='ocrx_word' id='word_1_41' title='bbox 1099 488 1287 532; x_wconf 76' lang='lat' dir='ltr'>breviter</span> <span class='ocrx_word' id='word_1_42' title='bbox 1313 490 1499 534; x_wconf 80' lang='lat' dir='ltr'>aristatis</span> <span class='ocrx_word' id='word_1_43' title='bbox 1517 494 1658 542; x_wconf 81' lang='lat' dir='ltr'>calyce</span> <span class='ocrx_word' id='word_1_44' title='bbox 1676 494 1804 551; x_wconf 77' lang='lat' dir='ltr'>triplo</span> 
     </span>
     <span class='ocr_line' id='line_1_7' title="bbox 111 542 1805 603; baseline 0.005 -16"><span class='ocrx_word' id='word_1_45' title='bbox 111 543 401 596; x_wconf 78' lang='lat' dir='ltr'>brevioribus,</span> <span class='ocrx_word' id='word_1_46' title='bbox 439 543 579 587; x_wconf 69' lang='lat' dir='ltr'>aristis</span> <span class='ocrx_word' id='word_1_47' title='bbox 615 544 848 597; x_wconf 75' lang='lat' dir='ltr'>scabridis,</span> <span class='ocrx_word' id='word_1_48' title='bbox 892 546 1045 603; x_wconf 82' lang='lat' dir='ltr'>calycis</span> <span class='ocrx_word' id='word_1_49' title='bbox 1081 546 1280 590; x_wconf 79' lang='lat' dir='ltr'>dentibus</span> <span class='ocrx_word' id='word_1_50' title='bbox 1318 542 1598 602; x_wconf 66' lang='lat' dir='ltr'>acuminatis]</span> <span class='ocrx_word' id='word_1_51' title='bbox 1644 552 1805 596; x_wconf 68' lang='lat' dir='ltr'>lamina</span> 
     </span>
     <span class='ocr_line' id='line_1_8' title="bbox 111 602 1806 667; baseline 0.004 -21"><span class='ocrx_word' id='word_1_52' title='bbox 111 602 492 646; x_wconf 75' lang='lat' dir='ltr'>lateritio-rubell:i</span> <span class='ocrx_word' id='word_1_53' title='bbox 526 616 710 659; x_wconf 78' lang='lat' dir='ltr'>superne</span> <span class='ocrx_word' id='word_1_54' title='bbox 737 603 917 659; x_wconf 75' lang='lat' dir='ltr'>pilosula</span> <span class='ocrx_word' id='word_1_55' title='bbox 944 609 1280 649; x_wconf 72' lang='lat' dir='ltr'>ovato-cuneata</span> <span class='ocrx_word' id='word_1_56' title='bbox 1309 607 1428 663; x_wconf 81' lang='lat' dir='ltr'>apice</span> <span class='ocrx_word' id='word_1_57' title='bbox 1456 609 1625 651; x_wconf 71' lang='lat' dir='ltr'>dentata</span> <span class='ocrx_word' id='word_1_58' title='bbox 1654 624 1806 667; x_wconf 82' lang='lat' dir='ltr'>ungue</span> 
     </span>
     <span class='ocr_line' id='line_1_9' title="bbox 112 660 587 718; baseline -0.006 -13"><span class='ocrx_word' id='word_1_59' title='bbox 112 660 184 705; x_wconf 77' lang='grc'>3-4</span> <span class='ocrx_word' id='word_1_60' title='bbox 211 661 279 718; x_wconf 92' lang='lat' dir='ltr'>plo</span> <span class='ocrx_word' id='word_1_61' title='bbox 307 660 494 704; x_wconf 83' lang='lat' dir='ltr'>breviori</span> <span class='ocrx_word' id='word_1_62' title='bbox 529 666 565 707; x_wconf 62' lang='grc' dir='ltr'><em>ᾍ</em></span> <span class='ocrx_word' id='word_1_63' title='bbox 580 695 587 702; x_wconf 95' lang='grc'><strong>.</strong></span> 
     </span>
    </p>

    <p class='ocr_par' dir='ltr' id='par_1_3' title="bbox 111 732 1806 1083">
     <span class='ocr_line' id='line_1_10' title="bbox 170 732 1803 789; baseline 0.006 -20"><span class='ocrx_word' id='word_1_64' title='bbox 170 732 269 770; x_wconf 87' lang='lat' dir='ltr'>Hab.</span> <span class='ocrx_word' id='word_1_65' title='bbox 297 733 334 769; x_wconf 89' lang='lat' dir='ltr'>in</span> <span class='ocrx_word' id='word_1_66' title='bbox 358 732 600 780; x_wconf 58' lang='lat' dir='ltr'>rupnstribus</span> <span class='ocrx_word' id='word_1_67' title='bbox 623 733 794 780; x_wconf 79' lang='lat' dir='ltr'>regionis</span> <span class='ocrx_word' id='word_1_68' title='bbox 817 738 1029 783; x_wconf 78' lang='lat' dir='ltr'>montanae,</span> <span class='ocrx_word' id='word_1_69' title='bbox 1056 735 1249 774; x_wconf 80' lang='lat' dir='ltr'>Anatoliae</span> <span class='ocrx_word' id='word_1_70' title='bbox 1273 735 1428 786; x_wconf 87' lang='lat' dir='ltr'>(Auch.</span> <span class='ocrx_word' id='word_1_71' title='bbox 1455 749 1536 776; x_wconf 83' lang='lat' dir='ltr'>exs.</span> <span class='ocrx_word' id='word_1_72' title='bbox 1558 737 1645 778; x_wconf 84' lang='lat'>507</span> <span class='ocrx_word' id='word_1_73' title='bbox 1664 742 1671 777; x_wconf 74' lang='grc' dir='ltr'><strong>ἶ</strong></span> <span class='ocrx_word' id='word_1_74' title='bbox 1688 740 1724 789; x_wconf 87' lang='grc'>),</span> <span class='ocrx_word' id='word_1_75' title='bbox 1764 742 1803 779; x_wconf 91' lang='lat' dir='ltr'>in</span> 
     </span>
     <span class='ocr_line' id='line_1_11' title="bbox 112 791 1806 846; baseline 0.006 -18"><span class='ocrx_word' id='word_1_76' title='bbox 112 791 249 829; x_wconf 88' lang='lat' dir='ltr'>Tmolo</span> <span class='ocrx_word' id='word_1_77' title='bbox 275 791 413 840; x_wconf 87' lang='lat' dir='ltr'>Lydiae</span> <span class='ocrx_word' id='word_1_78' title='bbox 437 791 537 828; x_wconf 83' lang='lat' dir='ltr'>inter</span> <span class='ocrx_word' id='word_1_79' title='bbox 564 791 751 840; x_wconf 80' lang='lat' dir='ltr'>Bozdagh</span> <span class='ocrx_word' id='word_1_80' title='bbox 776 797 813 829; x_wconf 83' lang='lat' dir='ltr'>et</span> <span class='ocrx_word' id='word_1_81' title='bbox 836 791 980 831; x_wconf 82' lang='lat' dir='ltr'>Sardes</span> <span class='ocrx_word' id='word_1_82' title='bbox 1004 794 1136 845; x_wconf 85' lang='lat' dir='ltr'>(Boiss</span> <span class='ocrx_word' id='word_1_83' title='bbox 1158 793 1209 844; x_wconf 69' lang='grc' dir='ltr'>ἲ),</span> <span class='ocrx_word' id='word_1_84' title='bbox 1250 795 1399 833; x_wconf 68' lang='lat' dir='ltr'>Pisidia</span> <span class='ocrx_word' id='word_1_85' title='bbox 1425 797 1472 834; x_wconf 87' lang='lat' dir='ltr'>ad</span> <span class='ocrx_word' id='word_1_86' title='bbox 1501 797 1659 846; x_wconf 79' lang='lat' dir='ltr'>Egirdir</span> <span class='ocrx_word' id='word_1_87' title='bbox 1685 804 1722 838; x_wconf 84' lang='lat' dir='ltr'>et</span> <span class='ocrx_word' id='word_1_88' title='bbox 1745 801 1806 838; x_wconf 95' lang='lat' dir='ltr'>in-</span> 
     </span>
     <span class='ocr_line' id='line_1_12' title="bbox 111 848 1805 907; baseline 0.006 -19"><span class='ocrx_word' id='word_1_89' title='bbox 111 854 171 889; x_wconf 82' lang='lat' dir='ltr'>ter</span> <span class='ocrx_word' id='word_1_90' title='bbox 197 850 403 898; x_wconf 83' lang='lat' dir='ltr'>Beychehr</span> <span class='ocrx_word' id='word_1_91' title='bbox 426 854 463 888; x_wconf 91' lang='lat' dir='ltr'>et</span> <span class='ocrx_word' id='word_1_92' title='bbox 488 850 644 888; x_wconf 90' lang='lat' dir='ltr'>Koniah</span> <span class='ocrx_word' id='word_1_93' title='bbox 672 848 871 904; x_wconf 68' lang='lat' dir='ltr'>(Heldrl),</span> <span class='ocrx_word' id='word_1_94' title='bbox 900 852 1023 900; x_wconf 66' lang='lat' dir='ltr'>Lycia</span> <span class='ocrx_word' id='word_1_95' title='bbox 1043 854 1094 891; x_wconf 88' lang='lat' dir='ltr'>ad</span> <span class='ocrx_word' id='word_1_96' title='bbox 1120 854 1271 892; x_wconf 87' lang='lat' dir='ltr'>Elmalu</span> <span class='ocrx_word' id='word_1_97' title='bbox 1296 848 1514 906; x_wconf 58' lang='lat' dir='ltr'>(murgi),</span> <span class='ocrx_word' id='word_1_98' title='bbox 1549 857 1805 907; x_wconf 74' lang='lat' dir='ltr'>Cappadocia</span> 
     </span>
     <span class='ocr_line' id='line_1_13' title="bbox 112 907 1797 965; baseline 0.006 -18"><span class='ocrx_word' id='word_1_99' title='bbox 112 910 161 948; x_wconf 89' lang='lat' dir='ltr'>ad</span> <span class='ocrx_word' id='word_1_100' title='bbox 184 910 318 948; x_wconf 85' lang='lat' dir='ltr'>Tokat</span> <span class='ocrx_word' id='word_1_101' title='bbox 338 913 376 948; x_wconf 83' lang='lat' dir='ltr'>et</span> <span class='ocrx_word' id='word_1_102' title='bbox 398 910 435 946; x_wconf 92' lang='lat' dir='ltr'>in</span> <span class='ocrx_word' id='word_1_103' title='bbox 461 909 590 947; x_wconf 76' lang='lat' dir='ltr'>‘monte</span> <span class='ocrx_word' id='word_1_104' title='bbox 616 910 784 959; x_wconf 82' lang='lat' dir='ltr'>Alidagh</span> <span class='ocrx_word' id='word_1_105' title='bbox 810 909 933 962; x_wconf 72' lang='lat' dir='ltr'>(Noe&#39;!</span> <span class='ocrx_word' id='word_1_106' title='bbox 963 907 1099 965; x_wconf 75' lang='lat' dir='ltr'>Ball),</span> <span class='ocrx_word' id='word_1_107' title='bbox 1126 913 1313 952; x_wconf 67' lang='lat' dir='ltr'>Armenia</span> <span class='ocrx_word' id='word_1_108' title='bbox 1338 914 1509 954; x_wconf 70' lang='lat' dir='ltr'>Turcioa</span> <span class='ocrx_word' id='word_1_109' title='bbox 1532 918 1582 955; x_wconf 91' lang='lat' dir='ltr'>ad</span> <span class='ocrx_word' id='word_1_110' title='bbox 1603 917 1797 957; x_wconf 84' lang='lat' dir='ltr'>Gumuch·</span> 
     </span>
     <span class='ocr_line' id='line_1_14' title="bbox 111 966 1804 1024; baseline 0.006 -18"><span class='ocrx_word' id='word_1_111' title='bbox 111 967 239 1007; x_wconf 59' lang='lat' dir='ltr'>khan&amp;</span> <span class='ocrx_word' id='word_1_112' title='bbox 266 966 409 1021; x_wconf 69' lang='lat' dir='ltr'>(Bourg</span> <span class='ocrx_word' id='word_1_113' title='bbox 424 966 449 1019; x_wconf 84' lang='lat'>!)</span> <span class='ocrx_word' id='word_1_114' title='bbox 470 972 508 1006; x_wconf 86' lang='lat' dir='ltr'>et</span> <span class='ocrx_word' id='word_1_115' title='bbox 529 970 568 1006; x_wconf 91' lang='lat' dir='ltr'>in</span> <span class='ocrx_word' id='word_1_116' title='bbox 591 969 805 1009; x_wconf 82' lang='lat' dir='ltr'>declivibus</span> <span class='ocrx_word' id='word_1_117' title='bbox 829 971 1075 1021; x_wconf 75' lang='lat' dir='ltr'>Bingoldagh</span> <span class='ocrx_word' id='word_1_118' title='bbox 1099 971 1233 1024; x_wconf 81' lang='lat' dir='ltr'>(Ky!&gt;,</span> <span class='ocrx_word' id='word_1_119' title='bbox 1257 973 1444 1011; x_wconf 69' lang='lat' dir='ltr'>Armenia</span> <span class='ocrx_word' id='word_1_120' title='bbox 1466 975 1633 1015; x_wconf 70' lang='lat' dir='ltr'>Rossica</span> <span class='ocrx_word' id='word_1_121' title='bbox 1650 979 1701 1016; x_wconf 86' lang='lat' dir='ltr'>ad</span> <span class='ocrx_word' id='word_1_122' title='bbox 1719 979 1804 1017; x_wconf 89' lang='lat' dir='ltr'>Ko—</span> 
     </span>
     <span class='ocr_line' id='line_1_15' title="bbox 112 1027 1494 1083; baseline 0.005 -17"><span class='ocrx_word' id='word_1_123' title='bbox 112 1029 270 1066; x_wconf 84' lang='lat' dir='ltr'>madara</span> <span class='ocrx_word' id='word_1_124' title='bbox 291 1027 476 1079; x_wconf 84' lang='lat' dir='ltr'>(Szowl),</span> <span class='ocrx_word' id='word_1_125' title='bbox 500 1027 615 1077; x_wconf 69' lang='lat' dir='ltr'>Syria</span> <span class='ocrx_word' id='word_1_126' title='bbox 638 1029 676 1066; x_wconf 92' lang='lat' dir='ltr'>in</span> <span class='ocrx_word' id='word_1_127' title='bbox 702 1030 867 1068; x_wconf 86' lang='lat' dir='ltr'>collibus</span> <span class='ocrx_word' id='word_1_128' title='bbox 892 1031 1111 1070; x_wconf 81' lang='lat' dir='ltr'>Antiochiae</span> <span class='ocrx_word' id='word_1_129' title='bbox 1133 1032 1217 1081; x_wconf 88' lang='lat' dir='ltr'>(Ky</span> <span class='ocrx_word' id='word_1_130' title='bbox 1241 1045 1324 1072; x_wconf 79' lang='lat' dir='ltr'>exs,</span> <span class='ocrx_word' id='word_1_131' title='bbox 1348 1031 1494 1083; x_wconf 75' lang='lat'>2791).</span> 
     </span>
    </p>

    <p class='ocr_par' dir='ltr' id='par_1_4' title="bbox 109 1096 1805 1205">
     <span class='ocr_line' id='line_1_16' title="bbox 171 1096 1805 1153; baseline 0.008 -20"><span class='ocrx_word' id='word_1_132' title='bbox 171 1096 409 1145; x_wconf 77' lang='lat' dir='ltr'>Tripodalis‚</span> <span class='ocrx_word' id='word_1_133' title='bbox 430 1097 600 1145; x_wconf 85' lang='lat' dir='ltr'>capitula</span> <span class='ocrx_word' id='word_1_134' title='bbox 624 1109 728 1146; x_wconf 82' lang='lat' dir='ltr'>saepe</span> <span class='ocrx_word' id='word_1_135' title='bbox 747 1098 861 1136; x_wconf 89' lang='lat' dir='ltr'>diam.</span> <span class='ocrx_word' id='word_1_136' title='bbox 887 1100 1248 1151; x_wconf 79' lang='lat' dir='ltr'>sesquipollicaria3</span> <span class='ocrx_word' id='word_1_137' title='bbox 1281 1103 1433 1150; x_wconf 83' lang='lat' dir='ltr'>specics</span> <span class='ocrx_word' id='word_1_138' title='bbox 1461 1103 1624 1153; x_wconf 81' lang='lat' dir='ltr'>insignis</span> <span class='ocrx_word' id='word_1_139' title='bbox 1649 1107 1805 1146; x_wconf 87' lang='lat' dir='ltr'>laminis</span> 
     </span>
     <span class='ocr_line' id='line_1_17' title="bbox 109 1156 625 1205; baseline 0.006 -14"><span class='ocrx_word' id='word_1_140' title='bbox 109 1156 271 1194; x_wconf 82' lang='lat' dir='ltr'>minutis</span> <span class='ocrx_word' id='word_1_141' title='bbox 294 1156 625 1205; x_wconf 83' lang='lat' dir='ltr'>lateritio-igneis.</span> 
     </span>
    </p>
   </div>
   <div class='ocr_carea' id='block_1_3' title="bbox 112 1291 1804 1954">
    <p class='ocr_par' dir='ltr' id='par_1_5' title="bbox 112 1291 1804 1745">
     <span class='ocr_line' id='line_1_18' title="bbox 171 1291 1802 1356; baseline 0.006 -20"><span class='ocrx_word' id='word_1_142' title='bbox 171 1293 229 1336; x_wconf 90' lang='lat' dir='ltr'>D.</span> <span class='ocrx_word' id='word_1_143' title='bbox 248 1292 610 1336; x_wconf 81' lang='lat' dir='ltr'>Bannaticus</span> <span class='ocrx_word' id='word_1_144' title='bbox 639 1291 797 1348; x_wconf 83' lang='lat' dir='ltr'>(Heuff.</span> <span class='ocrx_word' id='word_1_145' title='bbox 831 1293 872 1335; x_wconf 94' lang='lat' dir='ltr'>in</span> <span class='ocrx_word' id='word_1_146' title='bbox 900 1293 1063 1337; x_wconf 71' lang='lat' dir='ltr'>Griseb.</span> <span class='ocrx_word' id='word_1_147' title='bbox 1090 1295 1135 1337; x_wconf 86' lang='lat' dir='ltr'>lt.</span> <span class='ocrx_word' id='word_1_148' title='bbox 1159 1295 1299 1352; x_wconf 80' lang='lat' dir='ltr'>Hung.</span> <span class='ocrx_word' id='word_1_149' title='bbox 1323 1311 1363 1353; x_wconf 88' lang='lat' dir='ltr'>p.</span> <span class='ocrx_word' id='word_1_150' title='bbox 1389 1296 1497 1350; x_wconf 76' lang='lat'>301)</span> <span class='ocrx_word' id='word_1_151' title='bbox 1527 1301 1802 1356; x_wconf 76' lang='lat' dir='ltr'>glaucescens</span> 
     </span>
     <span class='ocr_line' id='line_1_19' title="bbox 112 1349 1802 1415; baseline 0.008 -23"><span class='ocrx_word' id='word_1_152' title='bbox 112 1351 262 1404; x_wconf 76' lang='lat' dir='ltr'>elatus,</span> <span class='ocrx_word' id='word_1_153' title='bbox 291 1349 400 1393; x_wconf 87' lang='lat' dir='ltr'>soliis</span> <span class='ocrx_word' id='word_1_154' title='bbox 427 1349 614 1393; x_wconf 79' lang='lat' dir='ltr'>flaccidis</span> <span class='ocrx_word' id='word_1_155' title='bbox 641 1350 1006 1408; x_wconf 82' lang='lat' dir='ltr'>quinquenerviiS,</span> <span class='ocrx_word' id='word_1_156' title='bbox 1038 1353 1187 1410; x_wconf 71' lang='lat' dir='ltr'>vagina</span> <span class='ocrx_word' id='word_1_157' title='bbox 1215 1355 1347 1398; x_wconf 85' lang='lat' dir='ltr'>caulis</span> <span class='ocrx_word' id='word_1_158' title='bbox 1374 1352 1504 1400; x_wconf 83' lang='lat' dir='ltr'>diam.</span> <span class='ocrx_word' id='word_1_159' title='bbox 1528 1360 1689 1415; x_wconf 79' lang='lat' dir='ltr'>pluries</span> <span class='ocrx_word' id='word_1_160' title='bbox 1709 1362 1802 1405; x_wconf 86' lang='lat' dir='ltr'>lon—</span> 
     </span>
     <span class='ocr_line' id='line_1_20' title="bbox 112 1408 1804 1477; baseline 0.008 -26"><span class='ocrx_word' id='word_1_161' title='bbox 112 1408 230 1465; x_wconf 78' lang='lat' dir='ltr'>giore</span> <span class='ocrx_word' id='word_1_162' title='bbox 266 1408 494 1466; x_wconf 73' lang='lat' dir='ltr'>adpressa,</span> <span class='ocrx_word' id='word_1_163' title='bbox 537 1408 716 1451; x_wconf 79' lang='lat' dir='ltr'>floribus</span> <span class='ocrx_word' id='word_1_164' title='bbox 752 1410 881 1453; x_wconf 87' lang='lat' dir='ltr'>dense</span> <span class='ocrx_word' id='word_1_165' title='bbox 919 1411 1136 1467; x_wconf 72' lang='lat' dir='ltr'>capitalis,</span> <span class='ocrx_word' id='word_1_166' title='bbox 1181 1412 1388 1457; x_wconf 78' lang='lat' dir='ltr'>involucri</span> <span class='ocrx_word' id='word_1_167' title='bbox 1427 1416 1581 1474; x_wconf 75' lang='lat' dir='ltr'>phyllis</span> <span class='ocrx_word' id='word_1_168' title='bbox 1609 1418 1804 1477; x_wconf 84' lang='lat' dir='ltr'>oblongis</span> 
     </span>
     <span class='ocr_line' id='line_1_21' title="bbox 112 1466 1802 1524; baseline 0.008 -15"><span class='ocrx_word' id='word_1_169' title='bbox 112 1466 296 1511; x_wconf 83' lang='lat' dir='ltr'>breviter</span> <span class='ocrx_word' id='word_1_170' title='bbox 322 1466 506 1510; x_wconf 76' lang='lat' dir='ltr'>aristatis</span> <span class='ocrx_word' id='word_1_171' title='bbox 520 1468 806 1524; x_wconf 75' lang='lat' dir='ltr'>&#39;squamisque</span> <span class='ocrx_word' id='word_1_172' title='bbox 824 1469 1160 1513; x_wconf 71' lang='lat' dir='ltr'>fusco-scariosis</span> <span class='ocrx_word' id='word_1_173' title='bbox 1177 1471 1294 1514; x_wconf 85' lang='lat' dir='ltr'>hisce</span> <span class='ocrx_word' id='word_1_174' title='bbox 1312 1474 1447 1517; x_wconf 84' lang='lat' dir='ltr'>acutis</span> <span class='ocrx_word' id='word_1_175' title='bbox 1465 1476 1526 1518; x_wconf 89' lang='lat' dir='ltr'>vel</span> <span class='ocrx_word' id='word_1_176' title='bbox 1549 1476 1802 1522; x_wconf 85' lang='lat' dir='ltr'>submuticis</span> 
     </span>
     <span class='ocr_line' id='line_1_22' title="bbox 112 1524 1804 1589; baseline 0.008 -21"><span class='ocrx_word' id='word_1_177' title='bbox 112 1527 250 1583; x_wconf 84' lang='lat' dir='ltr'>calyce</span> <span class='ocrx_word' id='word_1_178' title='bbox 278 1524 455 1569; x_wconf 90' lang='lat' dir='ltr'>dimidio</span> <span class='ocrx_word' id='word_1_179' title='bbox 491 1526 786 1577; x_wconf 76' lang='lat' dir='ltr'>brevioribus,</span> <span class='ocrx_word' id='word_1_180' title='bbox 831 1527 1031 1585; x_wconf 84' lang='lat' dir='ltr'>calycinis</span> <span class='ocrx_word' id='word_1_181' title='bbox 1066 1529 1264 1572; x_wconf 72' lang='lat' dir='ltr'>dentibus</span> <span class='ocrx_word' id='word_1_182' title='bbox 1301 1534 1601 1589; x_wconf 58' lang='lat' dir='ltr'>munusculis,</span> <span class='ocrx_word' id='word_1_183' title='bbox 1646 1537 1804 1581; x_wconf 70' lang='lat' dir='ltr'>lamina</span> 
     </span>
     <span class='ocr_line' id='line_1_23' title="bbox 112 1584 1803 1651; baseline 0.007 -25"><span class='ocrx_word' id='word_1_184' title='bbox 112 1584 344 1642; x_wconf 73' lang='lat' dir='ltr'>sanguinea</span> <span class='ocrx_word' id='word_1_185' title='bbox 370 1585 548 1641; x_wconf 70' lang='lat' dir='ltr'>pilosulzi</span> <span class='ocrx_word' id='word_1_186' title='bbox 576 1584 758 1641; x_wconf 74' lang='lat' dir='ltr'>oblonga</span> <span class='ocrx_word' id='word_1_187' title='bbox 785 1599 928 1641; x_wconf 78' lang='lat' dir='ltr'>ungue</span> <span class='ocrx_word' id='word_1_188' title='bbox 954 1585 1131 1630; x_wconf 85' lang='lat' dir='ltr'>dimidio</span> <span class='ocrx_word' id='word_1_189' title='bbox 1158 1587 1355 1633; x_wconf 84' lang='lat' dir='ltr'>breviore</span> <span class='ocrx_word' id='word_1_190' title='bbox 1391 1602 1448 1643; x_wconf 66' lang='lat'>26.</span> <span class='ocrx_word' id='word_1_191' title='bbox 1493 1592 1546 1634; x_wconf 90' lang='lat' dir='ltr'>D.</span> <span class='ocrx_word' id='word_1_192' title='bbox 1578 1595 1803 1651; x_wconf 72' lang='lat' dir='ltr'>qiyanceus</span> 
     </span>
     <span class='ocr_line' id='line_1_24' title="bbox 112 1641 1802 1701; baseline 0.007 -16"><span class='ocrx_word' id='word_1_193' title='bbox 112 1641 209 1686; x_wconf 85' lang='lat' dir='ltr'>Urv.</span> <span class='ocrx_word' id='word_1_194' title='bbox 240 1643 393 1687; x_wconf 88' lang='lat' dir='ltr'>Enum.</span> <span class='ocrx_word' id='word_1_195' title='bbox 424 1657 464 1701; x_wconf 91' lang='lat' dir='ltr'>p.</span> <span class='ocrx_word' id='word_1_196' title='bbox 495 1642 551 1686; x_wconf 72' lang='lat'>45</span> <span class='ocrx_word' id='word_1_197' title='bbox 576 1668 633 1675; x_wconf 91' lang='lat'>-—</span> <span class='ocrx_word' id='word_1_198' title='bbox 660 1643 712 1685; x_wconf 89' lang='lat' dir='ltr'>D.</span> <span class='ocrx_word' id='word_1_199' title='bbox 741 1644 973 1700; x_wconf 77' lang='lat' dir='ltr'>pruinosus</span> <span class='ocrx_word' id='word_1_200' title='bbox 1012 1645 1147 1689; x_wconf 84' lang='lat' dir='ltr'>Janka</span> <span class='ocrx_word' id='word_1_201' title='bbox 1183 1646 1275 1689; x_wconf 92' lang='lat' dir='ltr'>Ind.</span> <span class='ocrx_word' id='word_1_202' title='bbox 1317 1647 1436 1692; x_wconf 75' lang='lat' dir='ltr'>Hort.</span> <span class='ocrx_word' id='word_1_203' title='bbox 1474 1641 1656 1695; x_wconf 86' lang='lat' dir='ltr'>Vindob.</span> <span class='ocrx_word' id='word_1_204' title='bbox 1688 1653 1802 1697; x_wconf 74' lang='lat'>1858</span> 
     </span>
     <span class='ocr_line' id='line_1_25' title="bbox 112 1701 363 1745; baseline 0 -1"><span class='ocrx_word' id='word_1_205' title='bbox 112 1714 196 1745; x_wconf 92' lang='lat' dir='ltr'>non</span> <span class='ocrx_word' id='word_1_206' title='bbox 223 1701 363 1745; x_wconf 88' lang='lat' dir='ltr'>Boiss!</span> 
     </span>
    </p>

    <p class='ocr_par' dir='ltr' id='par_1_6' title="bbox 165 1771 1141 1824">
     <span class='ocr_line' id='line_1_26' title="bbox 165 1771 1141 1824; baseline 0.002 -16"><span class='ocrx_word' id='word_1_207' title='bbox 165 1771 265 1809; x_wconf 86' lang='lat' dir='ltr'>Hab.</span> <span class='ocrx_word' id='word_1_208' title='bbox 293 1771 330 1808; x_wconf 89' lang='lat' dir='ltr'>in</span> <span class='ocrx_word' id='word_1_209' title='bbox 357 1771 517 1819; x_wconf 85' lang='lat' dir='ltr'>rupibus</span> <span class='ocrx_word' id='word_1_210' title='bbox 543 1771 743 1808; x_wconf 76' lang='lat' dir='ltr'>maritimis</span> <span class='ocrx_word' id='word_1_211' title='bbox 765 1771 961 1820; x_wconf 85' lang='lat' dir='ltr'>Bulgariae</span> <span class='ocrx_word' id='word_1_212' title='bbox 989 1771 1083 1824; x_wconf 89' lang='lat' dir='ltr'>(Urv</span> <span class='ocrx_word' id='word_1_213' title='bbox 1102 1775 1141 1821; x_wconf 82' lang='lat' dir='ltr'>l).</span> 
     </span>
    </p>

    <p class='ocr_par' dir='ltr' id='par_1_7' title="bbox 167 1836 1410 1886">
     <span class='ocr_line' id='line_1_27' title="bbox 167 1836 1410 1886; baseline 0.005 -11"><span class='ocrx_word' id='word_1_214' title='bbox 167 1837 228 1876; x_wconf 92' lang='lat' dir='ltr'>Ab</span> <span class='ocrx_word' id='word_1_215' title='bbox 253 1836 433 1876; x_wconf 87' lang='lat' dir='ltr'>affinibus</span> <span class='ocrx_word' id='word_1_216' title='bbox 456 1838 628 1886; x_wconf 87' lang='lat' dir='ltr'>squamis</span> <span class='ocrx_word' id='word_1_217' title='bbox 654 1837 839 1876; x_wconf 87' lang='lat' dir='ltr'>brevibus</span> <span class='ocrx_word' id='word_1_218' title='bbox 863 1838 989 1876; x_wconf 83' lang='lat' dir='ltr'>acutis</span> <span class='ocrx_word' id='word_1_219' title='bbox 1013 1839 1166 1877; x_wconf 88' lang='lat' dir='ltr'>muticis</span> <span class='ocrx_word' id='word_1_220' title='bbox 1190 1840 1410 1880; x_wconf 85' lang='lat' dir='ltr'>distinctus.</span> 
     </span>
    </p>

    <p class='ocr_par' dir='ltr' id='par_1_8' title="bbox 168 1901 658 1954">
     <span class='ocr_line' id='line_1_28' title="bbox 168 1901 658 1954; baseline 0 -13"><span class='ocrx_word' id='word_1_221' title='bbox 168 1901 243 1943; x_wconf 83' lang='lat' dir='ltr'>Ar.</span> <span class='ocrx_word' id='word_1_222' title='bbox 276 1908 440 1954; x_wconf 75' lang='lat' dir='ltr'>Geogr.</span> <span class='ocrx_word' id='word_1_223' title='bbox 472 1904 658 1942; x_wconf 87' lang='lat' dir='ltr'>Banatus.</span> 
     </span>
    </p>
   </div>
   <div class='ocr_carea' id='block_1_4' title="bbox 108 2040 1805 2435">
    <p class='ocr_par' dir='ltr' id='par_1_9' title="bbox 108 2040 1805 2435">
     <span class='ocr_line' id='line_1_29' title="bbox 176 2040 1804 2099; baseline 0.007 -13"><span class='ocrx_word' id='word_1_224' title='bbox 176 2043 234 2086; x_wconf 92' lang='lat' dir='ltr'>D.</span> <span class='ocrx_word' id='word_1_225' title='bbox 268 2041 681 2093; x_wconf 75' lang='lat' dir='ltr'>intermedius,</span> <span class='ocrx_word' id='word_1_226' title='bbox 723 2040 872 2083; x_wconf 83' lang='lat' dir='ltr'>viridis</span> <span class='ocrx_word' id='word_1_227' title='bbox 906 2042 1062 2094; x_wconf 74' lang='lat' dir='ltr'>elatus,</span> <span class='ocrx_word' id='word_1_228' title='bbox 1100 2041 1211 2086; x_wconf 86' lang='lat' dir='ltr'>foliis</span> <span class='ocrx_word' id='word_1_229' title='bbox 1247 2043 1485 2091; x_wconf 84' lang='lat' dir='ltr'>flaccidulis</span> <span class='ocrx_word' id='word_1_230' title='bbox 1513 2048 1608 2093; x_wconf 90' lang='lat'>5-7</span> <span class='ocrx_word' id='word_1_231' title='bbox 1645 2054 1804 2099; x_wconf 90' lang='lat' dir='ltr'>nerviis</span> 
     </span>
     <span class='ocr_line' id='line_1_30' title="bbox 110 2099 1804 2170; baseline 0.008 -27"><span class='ocrx_word' id='word_1_232' title='bbox 110 2099 330 2157; x_wconf 80' lang='lat' dir='ltr'>elongatis,</span> <span class='ocrx_word' id='word_1_233' title='bbox 359 2099 510 2156; x_wconf 70' lang='lat' dir='ltr'>vagina</span> <span class='ocrx_word' id='word_1_234' title='bbox 537 2100 740 2155; x_wconf 74' lang='lat' dir='ltr'>adpressa</span> <span class='ocrx_word' id='word_1_235' title='bbox 764 2100 908 2155; x_wconf 72' lang='lat' dir='ltr'>longa,</span> <span class='ocrx_word' id='word_1_236' title='bbox 938 2099 1115 2143; x_wconf 81' lang='lat' dir='ltr'>floribus</span> <span class='ocrx_word' id='word_1_237' title='bbox 1142 2104 1386 2147; x_wconf 81' lang='lat' dir='ltr'>numerosis</span> <span class='ocrx_word' id='word_1_238' title='bbox 1414 2105 1804 2170; x_wconf 77' lang='lat' dir='ltr'>fasciculam-capi-</span> 
     </span>
     <span class='ocr_line' id='line_1_31' title="bbox 110 2158 1805 2218; baseline 0.009 -18"><span class='ocrx_word' id='word_1_239' title='bbox 110 2158 221 2212; x_wconf 79' lang='lat' dir='ltr'>tatis,</span> <span class='ocrx_word' id='word_1_240' title='bbox 250 2158 457 2202; x_wconf 85' lang='lat' dir='ltr'>involucri</span> <span class='ocrx_word' id='word_1_241' title='bbox 475 2158 628 2216; x_wconf 89' lang='lat' dir='ltr'>phyllis</span> <span class='ocrx_word' id='word_1_242' title='bbox 646 2158 1092 2214; x_wconf 77' lang='lat' dir='ltr'>oblongo-lanceolatis</span> <span class='ocrx_word' id='word_1_243' title='bbox 1116 2160 1392 2218; x_wconf 83' lang='lat' dir='ltr'>squamisque</span> <span class='ocrx_word' id='word_1_244' title='bbox 1420 2163 1620 2211; x_wconf 87' lang='lat' dir='ltr'>&#39;scariosis</span> <span class='ocrx_word' id='word_1_245' title='bbox 1648 2170 1805 2215; x_wconf 87' lang='lat' dir='ltr'>susces-</span> 
     </span>
     <span class='ocr_line' id='line_1_32' title="bbox 108 2216 1804 2280; baseline 0.009 -21"><span class='ocrx_word' id='word_1_246' title='bbox 108 2217 302 2260; x_wconf 85' lang='lat' dir='ltr'>centibus</span> <span class='ocrx_word' id='word_1_247' title='bbox 328 2216 373 2260; x_wconf 90' lang='lat' dir='ltr'>in</span> <span class='ocrx_word' id='word_1_248' title='bbox 399 2216 550 2259; x_wconf 82' lang='lat' dir='ltr'>aristas</span> <span class='ocrx_word' id='word_1_249' title='bbox 578 2217 741 2272; x_wconf 84' lang='lat' dir='ltr'>calyces</span> <span class='ocrx_word' id='word_1_250' title='bbox 769 2216 956 2260; x_wconf 78' lang='lat' dir='ltr'>rubellos</span> <span class='ocrx_word' id='word_1_251' title='bbox 983 2224 1200 2274; x_wconf 81' lang='lat' dir='ltr'>aequantes</span> <span class='ocrx_word' id='word_1_252' title='bbox 1220 2220 1281 2261; x_wconf 88' lang='lat' dir='ltr'>vel</span> <span class='ocrx_word' id='word_1_253' title='bbox 1303 2221 1425 2265; x_wconf 73' lang='lat' dir='ltr'>[ertia</span> <span class='ocrx_word' id='word_1_254' title='bbox 1445 2232 1565 2280; x_wconf 82' lang='lat' dir='ltr'>parte</span> <span class='ocrx_word' id='word_1_255' title='bbox 1583 2226 1804 2274; x_wconf 81' lang='lat' dir='ltr'>breviores</span> 
     </span>
     <span class='ocr_line' id='line_1_33' title="bbox 109 2273 1805 2338; baseline 0.006 -20"><span class='ocrx_word' id='word_1_256' title='bbox 109 2275 266 2318; x_wconf 87' lang='lat' dir='ltr'>sensim</span> <span class='ocrx_word' id='word_1_257' title='bbox 303 2274 557 2328; x_wconf 76' lang='lat' dir='ltr'>attenuatis,</span> <span class='ocrx_word' id='word_1_258' title='bbox 596 2274 746 2332; x_wconf 82' lang='lat' dir='ltr'>calycis</span> <span class='ocrx_word' id='word_1_259' title='bbox 779 2273 978 2318; x_wconf 81' lang='lat' dir='ltr'>dentibus</span> <span class='ocrx_word' id='word_1_260' title='bbox 1005 2275 1048 2317; x_wconf 92' lang='lat' dir='ltr'>in</span> <span class='ocrx_word' id='word_1_261' title='bbox 1078 2289 1330 2321; x_wconf 84' lang='lat' dir='ltr'>mucronem</span> <span class='ocrx_word' id='word_1_262' title='bbox 1358 2284 1613 2338; x_wconf 76' lang='lat' dir='ltr'>attenuatis,</span> <span class='ocrx_word' id='word_1_263' title='bbox 1646 2287 1805 2332; x_wconf 73' lang='lat' dir='ltr'>lamina</span> 
     </span>
     <span class='ocr_line' id='line_1_34' title="bbox 110 2333 1798 2394; baseline 0.009 -20"><span class='ocrx_word' id='word_1_264' title='bbox 110 2333 413 2377; x_wconf 77' lang='lat' dir='ltr'>rubello-rosea</span> <span class='ocrx_word' id='word_1_265' title='bbox 440 2333 662 2376; x_wconf 78' lang='lat' dir='ltr'>barbulata</span> <span class='ocrx_word' id='word_1_266' title='bbox 690 2333 1081 2389; x_wconf 67' lang='lat' dir='ltr'>oblongo-cuneata</span> <span class='ocrx_word' id='word_1_267' title='bbox 1107 2347 1250 2390; x_wconf 83' lang='lat' dir='ltr'>ungue</span> <span class='ocrx_word' id='word_1_268' title='bbox 1279 2337 1403 2394; x_wconf 80' lang='lat' dir='ltr'>triplo</span> <span class='ocrx_word' id='word_1_269' title='bbox 1431 2340 1627 2387; x_wconf 87' lang='lat' dir='ltr'>breviore</span> <span class='ocrx_word' id='word_1_270' title='bbox 1656 2353 1712 2394; x_wconf 69' lang='lat'>36.</span> <span class='ocrx_word' id='word_1_271' title='bbox 1743 2346 1798 2390; x_wconf 91' lang='lat' dir='ltr'>D.</span> 
     </span>
     <span class='ocr_line' id='line_1_35' title="bbox 112 2389 1172 2435; baseline 0 -1"><span class='ocrx_word' id='word_1_272' title='bbox 112 2389 502 2435; x_wconf 71' lang='lat' dir='ltr'>Carthasianorum</span> <span class='ocrx_word' id='word_1_273' title='bbox 528 2391 588 2434; x_wconf 86' lang='lat' dir='ltr'>Fl.</span> <span class='ocrx_word' id='word_1_274' title='bbox 619 2391 754 2435; x_wconf 87' lang='lat' dir='ltr'>Graec.</span> <span class='ocrx_word' id='word_1_275' title='bbox 784 2392 872 2434; x_wconf 82' lang='lat' dir='ltr'>tab.</span> <span class='ocrx_word' id='word_1_276' title='bbox 902 2390 987 2435; x_wconf 65' lang='lat'>392</span> <span class='ocrx_word' id='word_1_277' title='bbox 1014 2405 1100 2435; x_wconf 89' lang='lat' dir='ltr'>non</span> <span class='ocrx_word' id='word_1_278' title='bbox 1128 2392 1172 2435; x_wconf 88' lang='lat' dir='ltr'>L.</span> 
     </span>
    </p>
   </div>
   <div class='ocr_carea' id='block_1_5' title="bbox 107 2460 1805 2584">
    <p class='ocr_par' dir='ltr' id='par_1_10' title="bbox 107 2460 1805 2584">
     <span class='ocr_line' id='line_1_36' title="bbox 166 2460 1805 2523; baseline 0.009 -24"><span class='ocrx_word' id='word_1_279' title='bbox 166 2462 266 2500; x_wconf 88' lang='lat' dir='ltr'>Hab.</span> <span class='ocrx_word' id='word_1_280' title='bbox 291 2463 328 2499; x_wconf 90' lang='lat' dir='ltr'>in</span> <span class='ocrx_word' id='word_1_281' title='bbox 351 2462 511 2509; x_wconf 69' lang='lat' dir='ltr'>regione</span> <span class='ocrx_word' id='word_1_282' title='bbox 533 2462 826 2509; x_wconf 77' lang='lat' dir='ltr'>sempervirenti</span> <span class='ocrx_word' id='word_1_283' title='bbox 855 2460 1012 2509; x_wconf 88' lang='lat' dir='ltr'>Olympi</span> <span class='ocrx_word' id='word_1_284' title='bbox 1035 2461 1218 2500; x_wconf 81' lang='lat' dir='ltr'>Thessali</span> <span class='ocrx_word' id='word_1_285' title='bbox 1242 2461 1403 2515; x_wconf 81' lang='lat' dir='ltr'>(Heldr.</span> <span class='ocrx_word' id='word_1_286' title='bbox 1430 2480 1513 2509; x_wconf 82' lang='lat' dir='ltr'>exs.</span> <span class='ocrx_word' id='word_1_287' title='bbox 1538 2469 1738 2523; x_wconf 75' lang='lat'>24151),</span> <span class='ocrx_word' id='word_1_288' title='bbox 1764 2475 1805 2513; x_wconf 91' lang='lat' dir='ltr'>in</span> 
     </span>
     <span class='ocr_line' id='line_1_37' title="bbox 107 2519 1796 2584; baseline 0.008 -27"><span class='ocrx_word' id='word_1_289' title='bbox 107 2519 286 2560; x_wconf 81' lang='lat' dir='ltr'>Thraciae</span> <span class='ocrx_word' id='word_1_290' title='bbox 308 2520 502 2559; x_wconf 88' lang='lat' dir='ltr'>montibus</span> <span class='ocrx_word' id='word_1_291' title='bbox 541 2520 663 2571; x_wconf 76' lang='lat' dir='ltr'>(Friv.</span> <span class='ocrx_word' id='word_1_292' title='bbox 687 2532 768 2558; x_wconf 83' lang='lat' dir='ltr'>exs.</span> <span class='ocrx_word' id='word_1_293' title='bbox 790 2522 860 2559; x_wconf 90' lang='lat' dir='ltr'>sub</span> <span class='ocrx_word' id='word_1_294' title='bbox 886 2520 931 2559; x_wconf 88' lang='lat' dir='ltr'>D.</span> <span class='ocrx_word' id='word_1_295' title='bbox 957 2521 1247 2571; x_wconf 76' lang='lat' dir='ltr'>atrorubentil)</span> <span class='ocrx_word' id='word_1_296' title='bbox 1265 2553 1274 2567; x_wconf 82' lang='grc'>,</span> <span class='ocrx_word' id='word_1_297' title='bbox 1311 2525 1362 2563; x_wconf 87' lang='lat' dir='ltr'>ad</span> <span class='ocrx_word' id='word_1_298' title='bbox 1382 2526 1617 2575; x_wconf 82' lang='lat' dir='ltr'>Byzantium</span> <span class='ocrx_word' id='word_1_299' title='bbox 1647 2531 1796 2584; x_wconf 87' lang='lat' dir='ltr'>(Sibth.</span> 
     </span>
    </p>
   </div>
   <div class='ocr_carea' id='block_1_6' title="bbox 108 2574 1799 2690">
    <p class='ocr_par' dir='ltr' id='par_1_11' title="bbox 108 2574 1799 2690">
     <span class='ocr_line' id='line_1_38' title="bbox 108 2574 1799 2678; baseline 0.009 -61"><span class='ocrx_word' id='word_1_300' title='bbox 108 2574 349 2676; x_wconf 39' lang='lat' dir='ltr'>{Viedemlffi</span> <span class='ocrx_word' id='word_1_301' title='bbox 372 2579 615 2678; x_wconf 68' lang='lat' dir='ltr'>i5nol531thynia</span> <span class='ocrx_word' id='word_1_302' title='bbox 634 2578 799 2631; x_wconf 86' lang='lat' dir='ltr'>(Thirke</span> <span class='ocrx_word' id='word_1_303' title='bbox 824 2581 877 2628; x_wconf 91' lang='lat' dir='ltr'>pl.</span> <span class='ocrx_word' id='word_1_304' title='bbox 903 2592 983 2618; x_wconf 80' lang='lat' dir='ltr'>exs.</span> <span class='ocrx_word' id='word_1_305' title='bbox 1012 2582 1083 2618; x_wconf 89' lang='lat' dir='ltr'>sub</span> <span class='ocrx_word' id='word_1_306' title='bbox 1109 2580 1154 2619; x_wconf 85' lang='lat' dir='ltr'>D.</span> <span class='ocrx_word' id='word_1_307' title='bbox 1179 2584 1426 2624; x_wconf 76' lang='lat' dir='ltr'>atrorubenci</span> <span class='ocrx_word' id='word_1_308' title='bbox 1447 2599 1531 2628; x_wconf 83' lang='lat' dir='ltr'>var.</span> <span class='ocrx_word' id='word_1_309' title='bbox 1557 2591 1799 2641; x_wconf 59' lang='lat' dir='ltr'>sanguineo,</span> 
     </span>
     <span class='ocr_line' id='line_1_39' title="bbox 146 2639 517 2690; baseline 0 -13"><span class='ocrx_word' id='word_1_310' title='bbox 146 2639 233 2678; x_wconf 89' lang='lat' dir='ltr'>uch.</span> <span class='ocrx_word' id='word_1_311' title='bbox 261 2650 345 2677; x_wconf 83' lang='lat' dir='ltr'>exs.</span> <span class='ocrx_word' id='word_1_312' title='bbox 475 2641 517 2690; x_wconf 78' lang='lat' dir='ltr'>l).</span> 
     </span>
    </p>
   </div>
   <div class='ocr_carea' id='block_1_7' title="bbox 103 2704 1803 2929">
    <p class='ocr_par' dir='ltr' id='par_1_12' title="bbox 103 2704 1803 2929">
     <span class='ocr_line' id='line_1_40' title="bbox 164 2704 1803 2764; baseline 0.009 -22"><span class='ocrx_word' id='word_1_313' title='bbox 164 2705 363 2754; x_wconf 73' lang='lat' dir='ltr'>Bipedalis</span> <span class='ocrx_word' id='word_1_314' title='bbox 398 2709 436 2743; x_wconf 84' lang='lat' dir='ltr'>et</span> <span class='ocrx_word' id='word_1_315' title='bbox 468 2705 689 2754; x_wconf 82' lang='lat' dir='ltr'>procerior3</span> <span class='ocrx_word' id='word_1_316' title='bbox 726 2704 847 2743; x_wconf 80' lang='lat' dir='ltr'>facies</span> <span class='ocrx_word' id='word_1_317' title='bbox 871 2704 916 2743; x_wconf 87' lang='lat' dir='ltr'>D.</span> <span class='ocrx_word' id='word_1_318' title='bbox 942 2704 1155 2745; x_wconf 63' lang='lat' dir='ltr'>Bannatia·</span> <span class='ocrx_word' id='word_1_319' title='bbox 1174 2720 1198 2746; x_wconf 91' lang='lat' dir='ltr'>a</span> <span class='ocrx_word' id='word_1_320' title='bbox 1220 2721 1296 2757; x_wconf 91' lang='lat' dir='ltr'>quo</span> <span class='ocrx_word' id='word_1_321' title='bbox 1333 2711 1525 2752; x_wconf 83' lang='lat' dir='ltr'>involucri</span> <span class='ocrx_word' id='word_1_322' title='bbox 1560 2715 1708 2764; x_wconf 77' lang='lat' dir='ltr'>phyllis</span> <span class='ocrx_word' id='word_1_323' title='bbox 1736 2730 1803 2757; x_wconf 81' lang='lat' dir='ltr'>an-</span> 
     </span>
     <span class='ocr_line' id='line_1_41' title="bbox 107 2764 1801 2816; baseline 0.008 -14"><span class='ocrx_word' id='word_1_324' title='bbox 107 2764 364 2812; x_wconf 83' lang='lat' dir='ltr'>gustioribus,</span> <span class='ocrx_word' id='word_1_325' title='bbox 407 2764 579 2813; x_wconf 89' lang='lat' dir='ltr'>squamis</span> <span class='ocrx_word' id='word_1_326' title='bbox 621 2764 659 2800; x_wconf 92' lang='lat' dir='ltr'>in</span> <span class='ocrx_word' id='word_1_327' title='bbox 689 2764 830 2801; x_wconf 84' lang='lat' dir='ltr'>aristas</span> <span class='ocrx_word' id='word_1_328' title='bbox 864 2768 1074 2804; x_wconf 82' lang='lat' dir='ltr'>attenuatis</span> <span class='ocrx_word' id='word_1_329' title='bbox 1114 2771 1152 2805; x_wconf 86' lang='lat' dir='ltr'>et</span> <span class='ocrx_word' id='word_1_330' title='bbox 1176 2768 1323 2816; x_wconf 86' lang='lat' dir='ltr'>calycis</span> <span class='ocrx_word' id='word_1_331' title='bbox 1348 2769 1529 2810; x_wconf 85' lang='lat' dir='ltr'>dentibus</span> <span class='ocrx_word' id='word_1_332' title='bbox 1554 2778 1801 2816; x_wconf 74' lang='lat' dir='ltr'>muci-onatis</span> 
     </span>
     <span class='ocr_line' id='line_1_42' title="bbox 108 2821 1799 2886; baseline 0.007 -26"><span class='ocrx_word' id='word_1_333' title='bbox 108 2823 244 2861; x_wconf 86' lang='lat' dir='ltr'>differt.</span> <span class='ocrx_word' id='word_1_334' title='bbox 280 2822 416 2862; x_wconf 83' lang='lat' dir='ltr'>Refert</span> <span class='ocrx_word' id='word_1_335' title='bbox 435 2834 590 2872; x_wconf 85' lang='lat' dir='ltr'>quoque</span> <span class='ocrx_word' id='word_1_336' title='bbox 614 2821 661 2860; x_wconf 88' lang='lat' dir='ltr'>D.</span> <span class='ocrx_word' id='word_1_337' title='bbox 684 2822 942 2862; x_wconf 78' lang='lat' dir='ltr'>Liburnicum</span> <span class='ocrx_word' id='word_1_338' title='bbox 965 2825 1074 2863; x_wconf 84' lang='lat' dir='ltr'>caule</span> <span class='ocrx_word' id='word_1_339' title='bbox 1107 2826 1398 2879; x_wconf 85' lang='lat' dir='ltr'>quadrangulo,</span> <span class='ocrx_word' id='word_1_340' title='bbox 1435 2831 1624 2872; x_wconf 86' lang='lat' dir='ltr'>involucri</span> <span class='ocrx_word' id='word_1_341' title='bbox 1648 2834 1799 2886; x_wconf 80' lang='lat' dir='ltr'>phyllis</span> 
     </span>
     <span class='ocr_line' id='line_1_43' title="bbox 103 2880 806 2929; baseline 0.004 -11"><span class='ocrx_word' id='word_1_342' title='bbox 103 2880 281 2920; x_wconf 82' lang='lat' dir='ltr'>foliaceis</span> <span class='ocrx_word' id='word_1_343' title='bbox 316 2882 447 2920; x_wconf 81' lang='lat' dir='ltr'>statim</span> <span class='ocrx_word' id='word_1_344' title='bbox 473 2882 806 2929; x_wconf 80' lang='lat' dir='ltr'>distinguendum.</span> 
     </span>
    </p>
   </div>
  </div>
 </body>
</html>
