2021 3235
952 75 1038 119 810

216 176 313 213 Hab.
340 175 377 211 in
402 174 516 212 siccis
539 173 753 221 praesertim
780 173 972 210 montanis
996 172 1078 208 fere
1101 170 1217 208 totius
1248 169 1408 206 ditionis
1434 180 1457 205 a
1481 167 1636 206 Graecia:
1660 168 1709 206 ad
1744 168 1834 205 Per-

157 237 251 272 siam
274 234 471 271 borealem
497 244 619 281 usque
645 233 680 269 in
706 244 816 280 prov.
841 231 1069 269 Khorassan
1100 225 1320 282 (Bungffl),
1346 227 1462 277 Syria
1489 228 1638 266 boreali
1671 220 1832 274 (Boissl

157 292 366 343 Hausskl),
391 292 506 341 Syria
530 292 688 330 littorali
714 296 752 329 et
776 291 930 329 Libano
953 281 1095 339 (Gainl
1114 289 1142 337 ).
1167 287 1229 325 Fl.
1257 291 1407 325 aestate.

214 358 289 399 Ar.
321 358 482 409 Geogr.
516 359 677 408 Europa
698 359 847 409 omnis,
874 358 1021 397 Sibiria
1045 356 1213 394 Altaica.

215 514 268 558 H
312 512 865 557 aviculariaefolium
893 510 1035 567 (Jaub.
1067 515 1107 552 et
1133 508 1203 565 Sp.
1235 508 1306 551 ΙΙΙ.
1337 507 1407 551 Or.
1440 508 1474 561 1,
1494 522 1536 565 p.
1559 505 1631 560 59,
1662 507 1746 550 tab.
1768 505 1843 563 530)

157 571 348 628 glabrum
377 572 590 628 glaucum,
625 569 888 623 multicaule‚
917 568 1110 612 caulibus
1138 567 1469 610 ascendentibus
1495 565 1669 621 virgatis
1694 564 1845 621 rigidis

159 630 370 673 bilineatis
398 628 776 686 nigro-punctatis,
805 627 916 670 foliis
952 626 1160 684 pellucide
1188 632 1230 668 et
1254 625 1448 681 margine
1481 622 1845 682 nigro-punctatis

158 689 299 746 opacis
327 688 544 731 sessilibus
571 702 592 730 e
630 686 719 730 basi
748 690 972 742 angustata
997 684 1232 728 linearibus
1259 685 1321 727 vel
1361 682 1733 740 lineari-oblongis
1768 682 1844 725 ob-

158 748 262 790 tusis
280 783 289 801 ‚
323 754 453 805 cymae
480 745 756 804 pyramidatae
793 744 924 788 ramis
950 743 1155 801 oppositis
1191 743 1364 786 demum
1391 742 1701 786 unilateraliter
1727 755 1845 784 race-

157 806 312 859 mosis,
341 804 555 862 pedicellis
591 805 732 861 calyce
758 802 850 846 3-4
886 804 954 861 plo
996 801 1288 856 brevioribus,
1325 801 1480 859 sepalis
1521 801 1679 845 corolla
1719 799 1846 856 triplo

157 864 425 908 brevioribus
453 864 698 907 lanceolatis
736 861 871 905 acutis
906 860 1280 919 nigro-punctatis
1315 859 1515 903 dentibus
1551 858 1846 915 glanduliseris

158 922 358 966 brevibus
385 922 560 966 setaceis
586 920 826 979 pectinatiS,
856 921 1027 978 capsula
1058 918 1434 977 oblongo-conica,
1463 918 1700 962 seminibus
1726 917 1844 960 inor-

157 981 334 1024 dinatim
362 979 867 1037 tuberculato-punctatis
902 988 937 1029 ‘36
955 1014 964 1023 .
993 979 1049 1022 H.
1083 983 1339 1036 punctatum
1366 977 1510 1021 Willd.
1542 977 1610 1034 Sp.
1642 976 1717 1031 ΙΙΙ,
1745 990 1841 1034 pag.

157 1039 273 1083 1464
298 1047 338 1083 et
364 1040 496 1083 herb!
526 1052 612 1083 non
638 1038 755 1081 Lam.

215 1112 315 1150 Hab.
341 1113 377 1149 in
414 1112 529 1151 siccis
561 1116 600 1150 et
629 1111 875 1159 rupestribus
910 1108 1124 1155 Anatoliae‚
1160 1108 1290 1158 Lydia
1328 1111 1434 1148 circa
1473 1110 1679 1158 Smyrnam
1721 1118 1846 1156 prope

157 1171 342 1218 Trianda,
369 1174 408 1209 et
428 1172 465 1210 in
488 1175 619 1210 monte
643 1170 794 1218 Mesogi
818 1169 962 1217 (Auch.
989 1181 1073 1207 exs.
1096 1166 1179 1209 901
1200 1164 1209 1208 l
1236 1169 1354 1207 Boiss
1371 1165 1416 1217 !),
1442 1181 1553 1207 mons
1577 1168 1747 1206 Cadmus
1774 1165 1845 1204 Ca-

157 1231 223 1269 riae
246 1231 375 1277 (Boiss
391 1228 435 1283 !),
460 1230 620 1269 Galatia
643 1230 808 1280 (Willd!
833 1229 1013 1267 Wiedem
1029 1226 1071 1283 !),
1099 1229 1226 1278 Lycia
1258 1229 1306 1266 ad
1341 1228 1498 1267 Elmalu
1523 1223 1721 1278 (Rom-gt),
1747 1225 1844 1264 Pisi-

157 1290 222 1328 dia
246 1285 448 1345 (Heldrl).
476 1291 535 1328 Fl.
562 1290 691 1328 Junio.

214 1356 372 1406 Pedale,
396 1357 589 1406 glandulae
613 1355 663 1394 ad
689 1356 904 1403 marginem
929 1354 1152 1403 sepalorum
1183 1354 1378 1393 interdum
1400 1353 1656 1403 subsessiles,
1683 1353 1846 1402 capsula

156 1414 240 1456 5-5
258 1414 316 1470 ¹s2
341 1417 407 1454 lin.
433 1417 565 1466 longa.
782 1442 786 1446 -

212 1473 258 1528 β.
289 1473 585 1529 cymbiferum.
616 1470 733 1514 Folia
758 1469 912 1514 latiora
938 1471 1121 1527 oblonga
1147 1470 1212 1513 vel
1239 1469 1440 1527 elliptica‚
1470 1483 1520 1513 ea
1545 1469 1598 1513 ad
1624 1468 1746 1512 basin
1775 1482 1843 1511 ra-

154 1545 322 1574 morum
349 1531 475 1574 infer.
507 1529 714 1588 paniculae
741 1529 821 1572 sita
847 1543 959 1586 saepe
986 1528 1334 1583 concaviuscula‚
1362 1529 1505 1586 sepala
1531 1528 1747 1571 interdum
1774 1528 1843 1570 ob-

154 1589 402 1633 tusiuscula.
431 1590 486 1633 H.
516 1589 801 1646 cymbiferum
828 1587 961 1632 Boiss.
993 1595 1034 1632 et
1059 1587 1144 1631 Bal.
1174 1587 1325 1644 Diagn.
1356 1586 1446 1631 Ser.
1476 1587 1528 1640 ΙΙ,
1547 1587 1617 1641 Vl,
1645 1600 1687 1644 p.
1717 1585 1788 1630 39.

211 1660 311 1700 Hah.
335 1662 373 1699 in
397 1662 562 1700 collibus
587 1660 768 1709 Phrygiae
791 1660 897 1699 circa
920 1658 1087 1698 Ouchak
1109 1656 1270 1713 (Ball).

211 1817 278 1861 Η.
307 1817 751 1873 origanifolium
778 1815 940 1873 (Willd.
969 1814 1038 1873 Sp.
1070 1815 1146 1870 111,
1165 1829 1207 1873 p.
1229 1813 1342 1858 1467
1371 1828 1458 1858 non
1485 1813 1688 1871 aliorum)
1708 1818 1844 1856 totum

154 1874 400 1919 brevissime
429 1876 870 1929 tomentello-canum,
899 1874 1092 1918 caulibus
1119 1873 1326 1918 teretibus
1353 1872 1683 1917 ascendentibus
1709 1871 1845 1929 pumi-

153 1934 228 1985 lis,
264 1933 373 1978 foliis
399 1933 609 1991 pellucide
643 1941 683 1977 et
715 1932 1091 1991 nigro-punctalis
1127 1947 1151 1976 a
1181 1933 1272 1977 basi
1300 1931 1436 1976 sessili
1469 1934 1686 1975 attenuata
1713 1930 1845 1974 ovatis

154 1993 433 2049 oblongisque
459 1992 645 2046 obtusis,
675 2006 806 2051 cymae
833 1991 1035 2036 confertae
1063 1989 1580 2049 corymboso-fastigiatae
1612 1989 1743 2034 ramis
1770 2003 1845 2046 op-

154 2049 301 2108 positis
328 2050 528 2094 brevibus
554 2051 813 2105 racemosis,
841 2050 1060 2108 pedicellis
1088 2052 1231 2108 calyce
1259 2049 1520 2094 subdimidio
1554 2047 1841 2102 brevioribus,

154 2109 307 2167 sepalis
347 2110 504 2153 corolla
541 2109 749 2168 subtriplo
785 2109 1052 2153 brevioribus
1078 2108 1537 2166 oblongo-linearibus
1569 2106 1843 2151 acutiusculis

153 2167 529 2224 nigro-punctalis
574 2168 772 2212 dentibus
812 2168 1000 2212 breviter
1044 2167 1222 2212 setaceis
1264 2166 1558 2224 glanduliferis
1593 2165 1840 2224 pectinatis,

77 2274 80 2278 ,
154 2227 324 2283 capsula
350 2226 733 2283 oblongo-conica,
771 2226 1005 2270 seminibus
1036 2225 1500 2271 lineato-tuberculatis
1537 2233 1598 2276 36.
1637 2224 1760 2269 Jaub.
1802 2231 1842 2267 et

150 2285 304 2341 Spach.
336 2285 491 2328 Illustr.
531 2285 601 2329 Or.
647 2285 733 2329 tab,
777 2285 847 2329 16.
881 2311 938 2318 —
973 2285 1089 2342 Hyp.
1118 2286 1357 2329 Armenum
1395 2285 1578 2329 samatile
1610 2284 1843 2342 maJ'oranae

150 2343 254 2400 folio
280 2343 438 2387 Tourn.
470 2343 602 2388 herb!
624 2371 681 2375 —
705 2344 762 2388 H.
788 2344 1144 2402 pulverulentum
1171 2343 1295 2388 Fenzl
1329 2343 1435 2401 Pug.
1454 2351 1503 2387 n0
1532 2341 1604 2386 20.

210 2415 310 2453 Hab.
334 2416 373 2452 in
397 2415 586 2453 montosis
611 2419 650 2454 et
682 2417 836 2455 saxosis
859 2415 1070 2461 Anatoliae,
1092 2414 1277 2465 Bithynia
1299 2415 1349 2454 ad
1380 2415 1477 2454 Bolu
1499 2413 1714 2465 westan),
1740 2413 1845 2453 circa

150 2474 369 2521 Safranbol,
395 2473 555 2512 Amasia
579 2479 618 2513 et
640 2473 774 2514 Tokat
799 2472 1011 2530 (Wied!)‚
1038 2473 1295 2524 Cappadocia
1319 2475 1356 2513 in
1385 2478 1516 2514 monte
1543 2472 1715 2522 Alidagh
1743 2471 1842 2524 (Bal.

153 2545 235 2573 exe.
258 2530 411 2585 956!),
437 2533 622 2572 Armenia
644 2534 900 2585 (Tournefi),
926 2534 1082 2574 Taurus
1107 2534 1292 2574 Cilicicus
1316 2534 1364 2573 ad
1392 2533 1523 2573 Gulek
1545 2533 1702 2583 Bogbas
1728 2524 1838 2584 (Ky!

152 2592 287 2644 Ball).
310 2593 370 2631 Fl.
393 2597 475 2631 aest.

210 2658 350 2698 Caules
374 2658 458 2700 5-6
480 2660 689 2709 pollicares
711 2660 837 2699 rarius
866 2661 1056 2710 pedales,
1083 2672 1197 2710 cyma
1220 2671 1326 2709 saepe
1352 2661 1392 2698 in
1416 2660 1639 2709 paniculam
1664 2659 1841 2708 fastigia·

151 2722 230 2756 tam
253 2730 432 2770 vergens,
458 2719 574 2758 flores
596 2719 844 2768 praecedente
869 2720 1062 2771 majores,
1089 2720 1253 2770 capsula
1275 2717 1303 2759 5
1328 2720 1455 2759 lineas
1477 2720 1609 2769 longa.

210 2854 276 2897 H.
304 2854 672 2907 Gheiwense‚
702 2862 835 2899 totum
864 2857 1006 2913 patule
1034 2857 1463 2910 albo—tomentosum,
1481 2855 1674 2899 caulibus
1699 2855 1841 2912 pumi-
