2021 3235
1027 87 1111 132 288

224 186 325 228 tuln.
357 183 572 227 Glandulae
600 182 791 225 valvariae
818 180 1042 237 geminatae
1070 179 1236 229 breves,
1266 177 1538 234 placentariae
1565 178 1711 221 nullas.
1739 177 1912 222 Silicula

225 243 615 299 compresso-plana
658 240 796 283 rarius
837 239 981 281 inflata
1018 235 1264 280 bilocularis
1290 235 1440 279 loculis
1467 236 1708 280 biovulatis.
1740 236 1913 294 Septum

226 316 377 344 enerve
398 300 551 343 areolis
578 298 905 354 angustissimis.
938 296 1107 339 Semina
1126 309 1172 337 ex
1191 294 1308 350 apice
1326 294 1453 337 loculi
1472 294 1659 351 pendula
1676 295 1915 352 marginata

226 361 288 402 vel
307 367 464 415 aptera.
489 383 546 390 —
566 357 812 400 Suffrutices
838 355 950 411 pube
978 353 1352 409 stellato-lepidota
1378 352 1518 395 rarius
1536 352 1750 410 bipartita.
1772 354 1914 397 Genus

225 418 277 461 ab
296 418 446 473 Alysso
473 417 613 459 colore
632 416 805 466 florum,
826 413 988 465 habitu,
1018 411 1247 454 filamentis
1265 425 1437 467 semper
1460 411 1669 454 edentulis
1692 413 1914 456 commode

228 476 591 531 distinguendum.

284 619 340 660 P.
370 614 835 672 Cappadocicum
863 611 951 666 (Dc,
981 610 1087 668 Syst.
1119 610 1177 663 II,
1209 624 1248 666 p.
1281 608 1366 653 395
1394 610 1472 652 sub
1499 609 1681 668 Iberide)
1711 611 1801 654 basi
1830 612 1916 654 sus-

227 676 460 718 frutesccns
498 673 606 730 pube
643 672 801 714 stellata
840 677 880 713 et
915 669 1113 726 bipartita
1147 682 1394 721 canescens,
1430 669 1917 725 cespitoso-multicaule

229 733 461 791 pumilum,
500 731 610 774 foliis
651 728 826 772 minutis
872 727 1048 784 integris
1096 726 1373 769 inferioribus
1411 726 1607 783 elliplicis
1644 728 1917 771 acutiusculis

227 791 427 835 confertis
461 788 752 846 superioribus
785 786 1037 839 linearibus,
1077 784 1253 828 siliculis
1292 785 1575 841 (iunioribus)
1602 786 1734 829 ovatis
1760 786 1918 842 glabris

227 851 332 908 stylo
360 848 475 891 brevi
503 845 722 904 apiculatis
759 853 818 894 26.
851 844 1157 888 Scltiwereekv'a
1184 844 1369 887 iberidea
1396 843 1529 887 Boiss.
1559 850 1600 888 et.
1628 844 1739 887 Huet
1765 845 1915 901 Diagn.

227 910 316 951 Ser.
350 907 411 960 11,
440 907 487 959 V,
516 921 557 963 p.
589 905 659 948 29.
691 904 896 960 Alyssum
925 902 1264 960 Cappczfdocz'cum
1300 903 1522 958 temcifolio
1563 917 1781 946 canescens
1817 904 1920 959 flore

229 968 337 1010 albo.
369 965 568 1008 Tournef.
600 964 731 1006 herb!

288 1038 385 1074 Hab.
408 1037 446 1073 in
470 1035 626 1084 pascuis
659 1034 798 1082 alpinis
825 1032 1018 1070 Armeniae
1047 1032 1097 1070 ad
1120 1030 1384 1069 Zazalarhane
1420 1031 1561 1081 (Huetl
1582 1035 1607 1081 ),
1642 1033 1680 1070 in
1721 1033 1917 1071 montibus

230 1109 351 1145 prope
377 1092 684 1133 Gumuehkbane
710 1088 914 1145 (Bourgl),
949 1092 987 1128 in
1014 1091 1268 1141 Cappadocia
1296 1086 1546 1142 (Tournefl).

290 1162 492 1200 Caudiculi
525 1160 728 1207 denudati,
755 1159 885 1197 caules
913 1157 989 1198 2-5
1022 1158 1255 1207 pollicares,
1281 1157 1374 1195 folia
1412 1159 1544 1207 firma,
1578 1159 1809 1197 intermedia
1845 1158 1921 1200 4-5

232 1224 354 1260 lineas
377 1223 509 1268 longa,
549 1220 693 1258 racemi
731 1218 954 1267 corymbosi
995 1221 1084 1266 post
1115 1217 1295 1255 anthesin
1323 1218 1508 1265 elongati.
1547 1218 1713 1257 Fructus
1741 1223 1914 1258 maturus

231 1283 402 1330 ignotae,
431 1280 584 1317 habitus
609 1278 899 1317 Sclaiwereekz'oe
930 1278 1000 1315 sed
1030 1289 1072 1314 re
1108 1277 1328 1315 accuratius
1363 1278 1553 1330 inspecta⁴
1579 1279 1628 1316 ab
1661 1277 1736 1316 hoc
1772 1290 1916 1326 genere

231 1344 371 1390 praeter
393 1340 558 1377 stamina
581 1339 763 1376 edentula
798 1337 935 1375 loculis
974 1337 1013 1375 bi
1052 1348 1123 1374 nec
1146 1337 1409 1385 polyspermis
1440 1337 1619 1375 alienum.
1646 1338 1790 1375 Habitu
1814 1338 1915 1376 inter

232 1400 383 1448 species
407 1398 590 1437 Sibiricas
615 1398 946 1447 Hispanicamque
970 1397 1084 1445 hujus
1109 1396 1265 1444 generiS
1291 1400 1328 1433 et
1346 1400 1554 1444 sequentes
1570 1397 1856 1435 intermedium.

292 1505 349 1547 P.
377 1503 787 1558 cyolocarpum
816 1500 964 1557 (Boiss.
997 1500 1106 1542 Ann.
1128 1498 1193 1541 Sc.
1225 1499 1318 1541 Nat.
1350 1498 1479 1552 1842,
1509 1514 1550 1556 p.
1582 1498 1685 1557 159)
1715 1500 1919 1556 lepidoto-

235 1568 509 1618 argenteum,
548 1574 568 1602 e
605 1560 837 1602 rhizomate
866 1573 1008 1601 crasso
1036 1559 1165 1600 dense
1193 1557 1466 1614 cespitosum,
1496 1558 1687 1601 caulibus
1715 1558 1919 1615 simplici-

236 1622 330 1673 bus,
369 1619 478 1661 foliis
516 1618 691 1674 integris
723 1617 981 1661 radicalibus
1017 1616 1277 1668 lanceolatis,
1308 1616 1487 1659 caulinis
1515 1617 1659 1674 paucis
1686 1617 1919 1660 linearibus

237 1677 440 1730 minium,
470 1676 644 1720 siliculis
670 1676 828 1733 glabris
854 1674 1093 1719 subinflatis
1120 1674 1309 1718 obovatis
1335 1675 1398 1717 vel
1415 1675 1663 1718 orbiculatis
1681 1676 1784 1733 stylo
1802 1675 1919 1718 brevi

238 1736 515 1835 mucronatisJ,
554 1735 716 1778 semine
744 1742 920 1791 anguste
948 1733 1187 1790 marginato
1225 1741 1261 1781 26
1278 1768 1284 1775 .
1318 1733 1486 1791 Koniqa
1514 1734 1717 1777 Scardica
1752 1733 1916 1777 Griseb.

236 1797 285 1838 It.
319 1796 350 1848 l,
379 1808 420 1851 p,
451 1794 476 1837 ⁹2
509 1794 550 1836 8.

295 1866 394 1903 Hab.
421 1865 458 1901 in
482 1864 644 1913 regione
669 1862 800 1911 alpina
824 1862 1065 1900 Macedoniae
1090 1863 1128 1899 in
1163 1865 1295 1899 monte
1331 1861 1479 1899 Scardo
1506 1856 1738 1917 (Grisebl),
1767 1861 1919 1912 Cappa-

237 1925 360 1963 dociae
387 1927 516 1961 monte
550 1922 773 1960 Aslandach
797 1915 968 1973 (Ball),
998 1921 1196 1960 Cataoniae
1230 1924 1360 1959 monte
1395 1921 1621 1969 Berytdagh
1662 1922 1733 1959 alt.
1777 1920 1919 1962 9000’

238 1981 436 2037 <Hausskl
456 1977 493 2036 ),
522 1981 652 2020 Tauro
679 1981 839 2020 Cilicico
865 1979 1009 2035 (Ky!)‚
1033 1981 1229 2019 Armeniae
1265 1980 1315 2017 ad
1353 1979 1663 2018 Gumuohkhanet
1691 1979 1861 2033 (Bourgl
1879 1982 1919 2031 ),

237 2047 364 2081 monte
390 2041 678 2090 Mouzourdagh
696 2041 961 2079 Kurdistaniae
989 2037 1132 2094 (Auch.
1159 2046 1203 2078 n0
1228 2037 1315 2079 279
1342 2038 1472 2091 bist).

296 2109 435 2146 Oaules
462 2104 573 2162 ¹s2-1
606 2107 779 2156 pedales,
804 2106 960 2145 habitus
986 2107 1031 2145 P.
1057 2108 1246 2156 rupestrz's
1267 2106 1366 2144 Ten.
1392 2103 1482 2160 (sub
1500 2105 1655 2158 Alysso)
1679 2106 1785 2146 foliis
1809 2107 1920 2145 latio-

237 2169 355 2218 ribus,
381 2168 541 2206 siliculis
566 2166 765 2215 lepidotis,
791 2169 868 2205 etc.
883 2197 892 2216 ,
920 2165 1107 2205 distincti.

293 2284 349 2326 P.
368 2282 805 2337 emarginatum
841 2280 993 2337 (Boiss.
1025 2282 1134 2324 Ann.
1164 2279 1229 2323 Sc.
1260 2280 1354 2324 Nat.
1387 2279 1525 2334 1842,
1563 2295 1603 2337 p.
1636 2279 1736 2337 160)
1764 2287 1922 2338 praeter

237 2342 342 2400 pilos
370 2339 567 2383 minimos
593 2339 816 2396 bipartitos
843 2339 893 2382 ad
921 2340 1019 2383 folia
1046 2339 1251 2382 inferiora
1279 2353 1447 2396 sparsos
1479 2340 1692 2396 glabrum,
1728 2338 1921 2382 caulibus

230 2397 383 2444 erectis
410 2399 528 2441 elatis
555 2397 823 2455 paniculatis‚
854 2397 964 2441 foliis
991 2398 1456 2455 oblongo-spathulatis
1474 2398 1637 2441 obtusis
1654 2398 1698 2440 in
1717 2398 1921 2454 petiolum

229 2460 353 2514 longe
381 2457 607 2499 attenuatis
630 2456 849 2499 floralibus
866 2456 1120 2509 linearibus,
1149 2455 1325 2500 siliculis
1342 2457 1744 2514 plano-compressis
1762 2455 1921 2513 glabris

231 2515 476 2560 orbiculatis
503 2515 620 2572 apice
648 2514 940 2571 emarginatis,
970 2515 1164 2572 stigmate
1183 2514 1337 2570 sessili,
1357 2515 1593 2559 seminibus
1610 2522 1788 2572 anguste
1806 2527 1921 2556 mar-

233 2575 389 2631 ginatis
428 2581 464 2622 26
492 2608 499 2615 .

292 2645 391 2682 Hab.
418 2644 457 2680 in
483 2645 611 2680 monte
638 2642 783 2691 Delphi
808 2643 952 2681 Eubeae
972 2643 1119 2692 (Auch.
1143 2654 1225 2681 exs.
1251 2640 1339 2682 228
1361 2640 1405 2691 l).

292 2711 433 2749 Caules
455 2711 540 2748 basi
564 2710 731 2749 indurati
754 2710 916 2758 pedales
934 2711 995 2748 vel
1021 2711 1332 2761 sesquipedales,
1355 2711 1538 2759 panicula
1561 2713 1797 2761 corymbosa
1828 2710 1922 2748 mul-

234 2772 373 2818 tiflora,
397 2770 513 2807 flores
540 2770 617 2807 albi
641 2770 696 2807 eis
720 2768 912 2818 Erophiloe
944 2771 1136 2819 minores,
1170 2771 1331 2809 siliculae
1368 2771 1406 2808 in
1436 2771 1631 2820 pedicello
1663 2770 1841 2820 capillari
1865 2770 1922 2808 eis

235 2830 455 2878 aequilongo
482 2833 619 2866 crcctae
643 2830 703 2866 vel
722 2832 899 2867 nutantes
923 2827 952 2867 4
975 2830 1099 2867 lineas
1124 2830 1211 2867 latae
1234 2830 1345 2878 apice
1373 2842 1476 2880 saepe
1492 2831 1736 2880 inaequaliter
1760 2829 1920 2869 bilobae.

237 2889 401 2927 Habitus
433 2886 612 2925 Peltariae
635 2888 683 2924 ad
703 2899 818 2936 quam
844 2888 1049 2927 transitum
1071 2889 1234 2937 praebet.
