<?xml version="1.0" encoding="UTF-8"?>
<!DOCTYPE html PUBLIC "-//W3C//DTD XHTML 1.0 Transitional//EN"
    "http://www.w3.org/TR/xhtml1/DTD/xhtml1-transitional.dtd">
<html xmlns="http://www.w3.org/1999/xhtml" xml:lang="en" lang="en">
 <head>
  <title>
</title>
<meta http-equiv="Content-Type" content="text/html;charset=utf-8" />
  <meta name='ocr-system' content='tesseract 3.04.00' />
  <meta name='ocr-capabilities' content='ocr_page ocr_carea ocr_par ocr_line ocrx_word'/>
</head>
<body>
  <div class='ocr_page' id='page_1' title='image "./floraorientaliss01bois_0580.png"; bbox 0 0 2021 3235; ppageno 0'>
   <div class='ocr_carea' id='block_1_1' title="bbox 980 92 1064 137">
    <p class='ocr_par' dir='ltr' id='par_1_1' title="bbox 980 92 1064 137">
     <span class='ocr_line' id='line_1_1' title="bbox 980 92 1064 137; baseline 0 -1"><span class='ocrx_word' id='word_1_1' title='bbox 980 92 1064 137; x_wconf 83' lang='lat'><em>536</em></span> 
     </span>
    </p>
   </div>
   <div class='ocr_carea' id='block_1_2' title="bbox 243 253 1874 770">
    <p class='ocr_par' dir='ltr' id='par_1_2' title="bbox 243 253 1874 770">
     <span class='ocr_line' id='line_1_2' title="bbox 243 253 1872 314; baseline -0.007 -4"><span class='ocrx_word' id='word_1_2' title='bbox 243 268 365 310; x_wconf 81' lang='lat' dir='ltr'><strong>SECT.</strong></span> <span class='ocrx_word' id='word_1_3' title='bbox 405 265 455 308; x_wconf 89' lang='grc' dir='ltr'><em>ΙΙ.</em></span> <span class='ocrx_word' id='word_1_4' title='bbox 500 263 814 306; x_wconf 76' lang='lat' dir='ltr'><em>chuoeLOTTls</em></span> <span class='ocrx_word' id='word_1_5' title='bbox 855 257 918 314; x_wconf 90' lang='lat' dir='ltr'><em>(F.</em></span> <span class='ocrx_word' id='word_1_6' title='bbox 957 256 1009 298; x_wconf 89' lang='lat' dir='ltr'><em>M.</em></span> <span class='ocrx_word' id='word_1_7' title='bbox 1047 254 1137 297; x_wconf 87' lang='lat' dir='ltr'><em>lnd.</em></span> <span class='ocrx_word' id='word_1_8' title='bbox 1174 253 1286 297; x_wconf 86' lang='lat' dir='ltr'><em>Sem.</em></span> <span class='ocrx_word' id='word_1_9' title='bbox 1323 254 1493 312; x_wconf 69' lang='lat' dir='ltr'><em>Petrop.</em></span> <span class='ocrx_word' id='word_1_10' title='bbox 1529 255 1562 309; x_wconf 90' lang='lat'><em>1,</em></span> <span class='ocrx_word' id='word_1_11' title='bbox 1597 270 1639 312; x_wconf 92' lang='lat' dir='ltr'><em>p.</em></span> <span class='ocrx_word' id='word_1_12' title='bbox 1676 254 1768 312; x_wconf 63' lang='lat'>26).</span> <span class='ocrx_word' id='word_1_13' title='bbox 1816 282 1872 286; x_wconf 87' lang='lat'>—</span> 
     </span>
     <span class='ocr_line' id='line_1_3' title="bbox 571 313 1872 375; baseline -0.005 -12"><span class='ocrx_word' id='word_1_14' title='bbox 571 319 709 375; x_wconf 71' lang='lat' dir='ltr'><em>Calyoe</em></span> <span class='ocrx_word' id='word_1_15' title='bbox 727 317 862 361; x_wconf 84' lang='lat' dir='ltr'><em>brevis</em></span> <span class='ocrx_word' id='word_1_16' title='bbox 878 313 1208 371; x_wconf 83' lang='lat' dir='ltr'><em>campanulatus</em></span> <span class='ocrx_word' id='word_1_17' title='bbox 1222 313 1436 369; x_wconf 78' lang='lat' dir='ltr'><em>profunde</em></span> <span class='ocrx_word' id='word_1_18' title='bbox 1451 313 1483 357; x_wconf 90' lang='lat'><em>5</em></span> <span class='ocrx_word' id='word_1_19' title='bbox 1495 314 1704 371; x_wconf 86' lang='lat' dir='ltr'><em>partitus.</em></span> <span class='ocrx_word' id='word_1_20' title='bbox 1726 313 1872 357; x_wconf 84' lang='lat' dir='ltr'><em>Petali</em></span> 
     </span>
     <span class='ocr_line' id='line_1_4' title="bbox 568 371 1873 433; baseline -0.005 -12"><span class='ocrx_word' id='word_1_21' title='bbox 568 378 725 433; x_wconf 75' lang='lat' dir='ltr'><em>unq-uis</em></span> <span class='ocrx_word' id='word_1_22' title='bbox 756 375 873 432; x_wconf 91' lang='lat' dir='ltr'><em>apice</em></span> <span class='ocrx_word' id='word_1_23' title='bbox 898 387 981 416; x_wconf 93' lang='lat' dir='ltr'><em>non</em></span> <span class='ocrx_word' id='word_1_24' title='bbox 1008 371 1259 414; x_wconf 83' lang='lat' dir='ltr'><em>constrictus</em></span> <span class='ocrx_word' id='word_1_25' title='bbox 1286 371 1332 414; x_wconf 89' lang='lat' dir='ltr'><em>in</em></span> <span class='ocrx_word' id='word_1_26' title='bbox 1359 372 1569 415; x_wconf 83' lang='lat' dir='ltr'><em>laminam</em></span> <span class='ocrx_word' id='word_1_27' title='bbox 1596 377 1784 415; x_wconf 87' lang='lat' dir='ltr'><em>retusam</em></span> <span class='ocrx_word' id='word_1_28' title='bbox 1809 373 1873 415; x_wconf 86' lang='lat' dir='ltr'><em>vet</em></span> 
     </span>
     <span class='ocr_line' id='line_1_5' title="bbox 573 429 1874 492; baseline -0.004 -13"><span class='ocrx_word' id='word_1_29' title='bbox 573 436 747 492; x_wconf 83' lang='lat' dir='ltr'><em>bifidam</em></span> <span class='ocrx_word' id='word_1_30' title='bbox 783 433 930 476; x_wconf 86' lang='lat' dir='ltr'><em>rarius</em></span> <span class='ocrx_word' id='word_1_31' title='bbox 969 430 1170 474; x_wconf 86' lang='lat' dir='ltr'><em>trilobam</em></span> <span class='ocrx_word' id='word_1_32' title='bbox 1205 430 1362 472; x_wconf 86' lang='lat' dir='ltr'><em>sensim</em></span> <span class='ocrx_word' id='word_1_33' title='bbox 1403 431 1629 474; x_wconf 86' lang='lat' dir='ltr'><em>dilatatus.</em></span> <span class='ocrx_word' id='word_1_34' title='bbox 1684 429 1874 488; x_wconf 85' lang='lat' dir='ltr'><em>Capsula</em></span> 
     </span>
     <span class='ocr_line' id='line_1_6' title="bbox 566 487 1873 551; baseline -0.004 -14"><span class='ocrx_word' id='word_1_35' title='bbox 566 493 787 551; x_wconf 65' lang='lat' dir='ltr'><em>sphaerica.</em></span> <span class='ocrx_word' id='word_1_36' title='bbox 810 491 967 533; x_wconf 82' lang='lat' dir='ltr'><em>Placen</em></span> <span class='ocrx_word' id='word_1_37' title='bbox 975 494 1017 532; x_wconf 88' lang='lat' dir='ltr'><em>ta</em></span> <span class='ocrx_word' id='word_1_38' title='bbox 1032 488 1217 545; x_wconf 72' lang='lat' dir='ltr'><em>qlobosa.</em></span> <span class='ocrx_word' id='word_1_39' title='bbox 1244 487 1431 532; x_wconf 77' lang='lat' dir='ltr'><strong><em>Seminis</em></strong></span> <span class='ocrx_word' id='word_1_40' title='bbox 1449 490 1648 532; x_wconf 87' lang='lat' dir='ltr'><em>radicula</em></span> <span class='ocrx_word' id='word_1_41' title='bbox 1663 503 1747 532; x_wconf 91' lang='lat' dir='ltr'><em>non</em></span> <span class='ocrx_word' id='word_1_42' title='bbox 1763 490 1873 532; x_wconf 81' lang='lat' dir='ltr'><em>eton-</em></span> 
     </span>
     <span class='ocr_line' id='line_1_7' title="bbox 567 546 1873 609; baseline -0.004 -14"><span class='ocrx_word' id='word_1_43' title='bbox 567 558 681 609; x_wconf 73' lang='lat' dir='ltr'><em>9ata.</em></span> <span class='ocrx_word' id='word_1_44' title='bbox 702 575 760 583; x_wconf 90' lang='lat'>—</span> <span class='ocrx_word' id='word_1_45' title='bbox 776 549 927 592; x_wconf 81' lang='lat' dir='ltr'><em>Herboe</em></span> <span class='ocrx_word' id='word_1_46' title='bbox 949 559 1106 591; x_wconf 83' lang='lat' dir='ltr'><em>annuoe</em></span> <span class='ocrx_word' id='word_1_47' title='bbox 1125 547 1285 604; x_wconf 85' lang='lat' dir='ltr'><em>(confer</em></span> <span class='ocrx_word' id='word_1_48' title='bbox 1301 546 1348 591; x_wconf 91' lang='lat' dir='ltr'><em>G.</em></span> <span class='ocrx_word' id='word_1_49' title='bbox 1379 548 1634 604; x_wconf 74' lang='lat' dir='ltr'>elegantem)</span> <span class='ocrx_word' id='word_1_50' title='bbox 1659 548 1786 604; x_wconf 82' lang='lat' dir='ltr'><em>effuse</em></span> <span class='ocrx_word' id='word_1_51' title='bbox 1802 562 1873 605; x_wconf 86' lang='lat' dir='ltr'><em>pa-</em></span> 
     </span>
     <span class='ocr_line' id='line_1_8' title="bbox 566 605 1868 663; baseline -0.005 -9"><span class='ocrx_word' id='word_1_52' title='bbox 566 611 782 663; x_wconf 80' lang='lat' dir='ltr'><em>niculatae,</em></span> <span class='ocrx_word' id='word_1_53' title='bbox 802 608 937 650; x_wconf 87' lang='lat' dir='ltr'><em>ramis</em></span> <span class='ocrx_word' id='word_1_54' title='bbox 963 611 1000 649; x_wconf 84' lang='lat' dir='ltr'><em>et</em></span> <span class='ocrx_word' id='word_1_55' title='bbox 1019 605 1239 662; x_wconf 80' lang='lat' dir='ltr'><em>pedicellis</em></span> <span class='ocrx_word' id='word_1_56' title='bbox 1259 605 1537 649; x_wconf 75' lang='lat' dir='ltr'><em>tenuissimis.</em></span> <span class='ocrx_word' id='word_1_57' title='bbox 1573 606 1685 650; x_wconf 75' lang='lat' dir='ltr'><em>Greoe</em></span> <span class='ocrx_word' id='word_1_58' title='bbox 1702 620 1727 648; x_wconf 91' lang='lat' dir='ltr'><em>a</em></span> <span class='ocrx_word' id='word_1_59' title='bbox 1744 607 1799 649; x_wconf 86' lang='lat' dir='ltr'><em>cl.</em></span> <span class='ocrx_word' id='word_1_60' title='bbox 1817 606 1868 649; x_wconf 83' lang='lat' dir='ltr'><em>F.</em></span> 
     </span>
     <span class='ocr_line' id='line_1_9' title="bbox 566 664 1874 722; baseline -0.004 -10"><span class='ocrx_word' id='word_1_61' title='bbox 566 675 605 712; x_wconf 93' lang='lat' dir='ltr'><em>et</em></span> <span class='ocrx_word' id='word_1_62' title='bbox 631 669 688 711; x_wconf 89' lang='lat' dir='ltr'><em>M.</em></span> <span class='ocrx_word' id='word_1_63' title='bbox 716 668 765 710; x_wconf 85' lang='lat' dir='ltr'><em>ob</em></span> <span class='ocrx_word' id='word_1_64' title='bbox 799 666 983 722; x_wconf 78' lang='lat' dir='ltr'><em>calycem</em></span> <span class='ocrx_word' id='word_1_65' title='bbox 1002 665 1218 721; x_wconf 77' lang='lat' dir='ltr'><em>profunde</em></span> <span class='ocrx_word' id='word_1_66' title='bbox 1236 665 1455 721; x_wconf 86' lang='lat' dir='ltr'><em>partitum</em></span> <span class='ocrx_word' id='word_1_67' title='bbox 1487 664 1676 708; x_wconf 81' lang='lat' dir='ltr'><em>Alsineis</em></span> <span class='ocrx_word' id='word_1_68' title='bbox 1705 668 1874 708; x_wconf 78' lang='lat' dir='ltr'><em>erronee</em></span> 
     </span>
     <span class='ocr_line' id='line_1_10' title="bbox 568 728 867 770; baseline -0.01 0"><span class='ocrx_word' id='word_1_69' title='bbox 568 728 867 770; x_wconf 86' lang='lat' dir='ltr'><em>adnumerata.</em></span> 
     </span>
    </p>
   </div>
   <div class='ocr_carea' id='block_1_3' title="bbox 368 853 892 898">
    <p class='ocr_par' dir='ltr' id='par_1_3' title="bbox 368 853 892 898">
     <span class='ocr_line' id='line_1_11' title="bbox 368 853 892 898; baseline -0.013 0"><span class='ocrx_word' id='word_1_70' title='bbox 368 859 391 881; x_wconf 39' lang='grc' dir='ltr'><strong><em>ἃ</em></strong></span> <span class='ocrx_word' id='word_1_71' title='bbox 425 856 608 898; x_wconf 82' lang='lat' dir='ltr'><em>Ovarium</em></span> <span class='ocrx_word' id='word_1_72' title='bbox 631 853 658 894; x_wconf 91' lang='lat'>6</span> <span class='ocrx_word' id='word_1_73' title='bbox 682 855 892 893; x_wconf 81' lang='lat' dir='ltr'><em>ovulatum.</em></span> 
     </span>
    </p>
   </div>
   <div class='ocr_carea' id='block_1_4' title="bbox 248 944 540 985">
    <p class='ocr_par' dir='ltr' id='par_1_4' title="bbox 248 944 540 985">
     <span class='ocr_line' id='line_1_12' title="bbox 248 944 540 985; baseline -0.017 0"><span class='ocrx_word' id='word_1_74' title='bbox 248 947 289 985; x_wconf 90' lang='lat' dir='ltr'><em>G.</em></span> <span class='ocrx_word' id='word_1_75' title='bbox 316 944 540 985; x_wconf 80' lang='lat' dir='ltr'><em>alsinoides.</em></span> 
     </span>
    </p>
   </div>
   <div class='ocr_carea' id='block_1_5' title="bbox 366 1062 1055 1107">
    <p class='ocr_par' dir='ltr' id='par_1_5' title="bbox 366 1062 1055 1107">
     <span class='ocr_line' id='line_1_13' title="bbox 366 1062 1055 1107; baseline -0.013 1"><span class='ocrx_word' id='word_1_76' title='bbox 366 1070 389 1092; x_wconf 73' lang='lat'><em>÷÷</em></span> <span class='ocrx_word' id='word_1_77' title='bbox 420 1070 443 1091; x_wconf 38' lang='grc' dir='ltr'><strong><em>ἃ</em></strong></span> <span class='ocrx_word' id='word_1_78' title='bbox 476 1067 660 1107; x_wconf 84' lang='lat' dir='ltr'><em>ovarium</em></span> <span class='ocrx_word' id='word_1_79' title='bbox 683 1062 819 1104; x_wconf 74' lang='lat'><strong>12-16</strong></span> <span class='ocrx_word' id='word_1_80' title='bbox 843 1063 1055 1102; x_wconf 85' lang='lat' dir='ltr'><em>ovulatum.</em></span> 
     </span>
    </p>
   </div>
   <div class='ocr_carea' id='block_1_6' title="bbox 193 1138 1879 1258">
    <p class='ocr_par' dir='ltr' id='par_1_6' title="bbox 193 1138 1879 1258">
     <span class='ocr_line' id='line_1_14' title="bbox 253 1138 1879 1195; baseline -0.009 -6"><span class='ocrx_word' id='word_1_81' title='bbox 253 1149 297 1190; x_wconf 94' lang='lat' dir='ltr'><em>G.</em></span> <span class='ocrx_word' id='word_1_82' title='bbox 324 1147 535 1195; x_wconf 73' lang='lat' dir='ltr'><em>Szowitsii,</em></span> <span class='ocrx_word' id='word_1_83' title='bbox 562 1142 814 1193; x_wconf 76' lang='lat' dir='ltr'><em>linearisotia,</em></span> <span class='ocrx_word' id='word_1_84' title='bbox 840 1140 1096 1190; x_wconf 79' lang='lat' dir='ltr'><em>adenophora,</em></span> <span class='ocrx_word' id='word_1_85' title='bbox 1121 1139 1287 1189; x_wconf 62' lang='lat' dir='ltr'><em>elegans.</em></span> <span class='ocrx_word' id='word_1_86' title='bbox 1314 1139 1480 1185; x_wconf 79' lang='lat' dir='ltr'><em>viscosa,</em></span> <span class='ocrx_word' id='word_1_87' title='bbox 1513 1138 1766 1188; x_wconf 75' lang='lat' dir='ltr'><em>melampode,</em></span> <span class='ocrx_word' id='word_1_88' title='bbox 1790 1149 1879 1188; x_wconf 83' lang='lat' dir='ltr'><em>spa-</em></span> 
     </span>
     <span class='ocr_line' id='line_1_15' title="bbox 193 1206 610 1258; baseline -0.017 -8"><span class='ocrx_word' id='word_1_89' title='bbox 193 1210 420 1258; x_wconf 79' lang='lat' dir='ltr'><em>tlzulaesolia,</em></span> <span class='ocrx_word' id='word_1_90' title='bbox 445 1206 610 1256; x_wconf 83' lang='lat' dir='ltr'><em>hispida.</em></span> 
     </span>
    </p>
   </div>
   <div class='ocr_carea' id='block_1_7' title="bbox 252 1328 1889 1741">
    <p class='ocr_par' dir='ltr' id='par_1_7' title="bbox 252 1328 1889 1741">
     <span class='ocr_line' id='line_1_16' title="bbox 252 1328 1881 1386; baseline -0.007 -4"><span class='ocrx_word' id='word_1_91' title='bbox 252 1339 375 1382; x_wconf 78' lang='lat' dir='ltr'><strong>SECT.</strong></span> <span class='ocrx_word' id='word_1_92' title='bbox 414 1336 479 1379; x_wconf 91' lang='lat' dir='ltr'>Ill.</span> <span class='ocrx_word' id='word_1_93' title='bbox 517 1334 706 1377; x_wconf 73' lang='lat' dir='ltr'><strong>PHRYNA.</strong></span> <span class='ocrx_word' id='word_1_94' title='bbox 742 1358 799 1362; x_wconf 44' lang='grc' dir='ltr'><strong><em>ψ</em></strong></span> <span class='ocrx_word' id='word_1_95' title='bbox 835 1329 975 1386; x_wconf 67' lang='lat' dir='ltr'><em>Calyce</em></span> <span class='ocrx_word' id='word_1_96' title='bbox 999 1329 1438 1372; x_wconf 85' lang='lat' dir='ltr'><em>obconico-tubutosus</em></span> <span class='ocrx_word' id='word_1_97' title='bbox 1466 1330 1557 1373; x_wconf 86' lang='lat' dir='ltr'><em>basi</em></span> <span class='ocrx_word' id='word_1_98' title='bbox 1589 1328 1767 1372; x_wconf 77' lang='lat' dir='ltr'><em>bracteis</em></span> <span class='ocrx_word' id='word_1_99' title='bbox 1798 1328 1881 1370; x_wconf 89' lang='lat' dir='ltr'><em>im-</em></span> 
     </span>
     <span class='ocr_line' id='line_1_17' title="bbox 604 1387 1882 1445; baseline -0.004 -11"><span class='ocrx_word' id='word_1_100' title='bbox 604 1391 801 1434; x_wconf 86' lang='lat' dir='ltr'><em>bricatim</em></span> <span class='ocrx_word' id='word_1_101' title='bbox 816 1389 1125 1432; x_wconf 80' lang='lat' dir='ltr'><em>involucratus,</em></span> <span class='ocrx_word' id='word_1_102' title='bbox 1158 1387 1302 1430; x_wconf 87' lang='lat' dir='ltr'><em>Petali</em></span> <span class='ocrx_word' id='word_1_103' title='bbox 1318 1389 1479 1445; x_wconf 72' lang='lat' dir='ltr'><em>unquis</em></span> <span class='ocrx_word' id='word_1_104' title='bbox 1495 1389 1542 1431; x_wconf 87' lang='lat' dir='ltr'><em>in</em></span> <span class='ocrx_word' id='word_1_105' title='bbox 1562 1388 1773 1431; x_wconf 88' lang='lat' dir='ltr'><em>laminam</em></span> <span class='ocrx_word' id='word_1_106' title='bbox 1789 1400 1882 1430; x_wconf 88' lang='lat' dir='ltr'><em>sen-</em></span> 
     </span>
     <span class='ocr_line' id='line_1_18' title="bbox 601 1446 1881 1503; baseline -0.003 -11"><span class='ocrx_word' id='word_1_107' title='bbox 601 1451 683 1492; x_wconf 87' lang='lat' dir='ltr'><em>sim</em></span> <span class='ocrx_word' id='word_1_108' title='bbox 701 1449 925 1492; x_wconf 84' lang='lat' dir='ltr'><em>dilatatus.</em></span> <span class='ocrx_word' id='word_1_109' title='bbox 958 1446 1167 1491; x_wconf 83' lang='lat' dir='ltr'><em>Ovarium</em></span> <span class='ocrx_word' id='word_1_110' title='bbox 1184 1446 1244 1489; x_wconf 69' lang='lat'><em>12</em></span> <span class='ocrx_word' id='word_1_111' title='bbox 1259 1448 1496 1491; x_wconf 82' lang='lat' dir='ltr'><em>ovutatum.</em></span> <span class='ocrx_word' id='word_1_112' title='bbox 1530 1446 1719 1503; x_wconf 88' lang='lat' dir='ltr'><em>Capsula</em></span> <span class='ocrx_word' id='word_1_113' title='bbox 1742 1446 1881 1501; x_wconf 73' lang='lat' dir='ltr'><em>cylin-</em></span> 
     </span>
     <span class='ocr_line' id='line_1_19' title="bbox 603 1505 1885 1562; baseline -0.003 -11"><span class='ocrx_word' id='word_1_114' title='bbox 603 1509 724 1552; x_wconf 78' lang='lat' dir='ltr'><em>drica</em></span> <span class='ocrx_word' id='word_1_115' title='bbox 748 1508 869 1551; x_wconf 77' lang='lat' dir='ltr'><em>ultra</em></span> <span class='ocrx_word' id='word_1_116' title='bbox 895 1507 1085 1550; x_wconf 83' lang='lat' dir='ltr'><em>medium</em></span> <span class='ocrx_word' id='word_1_117' title='bbox 1110 1505 1423 1562; x_wconf 78' lang='lat' dir='ltr'><em>quadrivalvis.</em></span> <span class='ocrx_word' id='word_1_118' title='bbox 1467 1506 1655 1550; x_wconf 81' lang='lat' dir='ltr'><em>Seminis</em></span> <span class='ocrx_word' id='word_1_119' title='bbox 1686 1505 1885 1548; x_wconf 84' lang='lat' dir='ltr'><em>radicula</em></span> 
     </span>
     <span class='ocr_line' id='line_1_20' title="bbox 602 1563 1885 1622; baseline -0.003 -12"><span class='ocrx_word' id='word_1_120' title='bbox 602 1568 797 1622; x_wconf 73' lang='lat' dir='ltr'><em>etonqata</em></span> <span class='ocrx_word' id='word_1_121' title='bbox 824 1571 951 1609; x_wconf 87' lang='lat' dir='ltr'><em>recta.</em></span> <span class='ocrx_word' id='word_1_122' title='bbox 972 1592 1030 1596; x_wconf 89' lang='lat'><strong>—</strong></span> <span class='ocrx_word' id='word_1_123' title='bbox 1046 1564 1188 1608; x_wconf 84' lang='lat' dir='ltr'><em>Herba</em></span> <span class='ocrx_word' id='word_1_124' title='bbox 1217 1565 1416 1621; x_wconf 86' lang='lat' dir='ltr'><em>perennis</em></span> <span class='ocrx_word' id='word_1_125' title='bbox 1433 1565 1541 1622; x_wconf 83' lang='lat' dir='ltr'><em>facie</em></span> <span class='ocrx_word' id='word_1_126' title='bbox 1567 1563 1787 1616; x_wconf 82' lang='lat' dir='ltr'><em>Buffoniae,</em></span> <span class='ocrx_word' id='word_1_127' title='bbox 1821 1564 1885 1606; x_wconf 74' lang='lat' dir='ltr'><em>vel</em></span> 
     </span>
     <span class='ocr_line' id='line_1_21' title="bbox 606 1624 1889 1682; baseline -0.003 -13"><span class='ocrx_word' id='word_1_128' title='bbox 606 1625 778 1669; x_wconf 84' lang='lat' dir='ltr'><em>Tunicae</em></span> <span class='ocrx_word' id='word_1_129' title='bbox 803 1640 829 1668; x_wconf 87' lang='lat' dir='ltr'><em>a</em></span> <span class='ocrx_word' id='word_1_130' title='bbox 845 1625 932 1682; x_wconf 78' lang='lat' dir='ltr'><em>qua</em></span> <span class='ocrx_word' id='word_1_131' title='bbox 952 1625 1112 1667; x_wconf 87' lang='lat' dir='ltr'><em>semine</em></span> <span class='ocrx_word' id='word_1_132' title='bbox 1134 1638 1219 1667; x_wconf 90' lang='lat' dir='ltr'><em>non</em></span> <span class='ocrx_word' id='word_1_133' title='bbox 1240 1624 1487 1680; x_wconf 84' lang='lat' dir='ltr'><em>scutisormi</em></span> <span class='ocrx_word' id='word_1_134' title='bbox 1507 1629 1545 1667; x_wconf 90' lang='lat' dir='ltr'><em>et</em></span> <span class='ocrx_word' id='word_1_135' title='bbox 1562 1624 1788 1680; x_wconf 73' lang='lat' dir='ltr'><em>embryone</em></span> <span class='ocrx_word' id='word_1_136' title='bbox 1805 1636 1889 1665; x_wconf 88' lang='lat' dir='ltr'><em>non</em></span> 
     </span>
     <span class='ocr_line' id='line_1_22' title="bbox 608 1684 898 1741; baseline -0.007 -13"><span class='ocrx_word' id='word_1_137' title='bbox 608 1690 716 1728; x_wconf 85' lang='lat' dir='ltr'><em>recto</em></span> <span class='ocrx_word' id='word_1_138' title='bbox 742 1684 898 1741; x_wconf 81' lang='lat' dir='ltr'><em>differt.</em></span> 
     </span>
    </p>
   </div>
   <div class='ocr_carea' id='block_1_8' title="bbox 259 1765 562 1815">
    <p class='ocr_par' dir='ltr' id='par_1_8' title="bbox 259 1765 562 1815">
     <span class='ocr_line' id='line_1_23' title="bbox 259 1765 562 1815; baseline -0.02 -8"><span class='ocrx_word' id='word_1_139' title='bbox 259 1769 299 1807; x_wconf 84' lang='lat' dir='ltr'><em>G.</em></span> <span class='ocrx_word' id='word_1_140' title='bbox 325 1765 562 1815; x_wconf 71' lang='lat' dir='ltr'><em>orteyioides.</em></span> 
     </span>
    </p>
   </div>
   <div class='ocr_carea' id='block_1_9' title="bbox 260 1906 1890 2599">
    <p class='ocr_par' dir='ltr' id='par_1_9' title="bbox 260 1906 1890 2599">
     <span class='ocr_line' id='line_1_24' title="bbox 260 1906 1889 1964; baseline -0.006 -8"><span class='ocrx_word' id='word_1_141' title='bbox 260 1914 383 1956; x_wconf 79' lang='lat' dir='ltr'><strong>SECT.</strong></span> <span class='ocrx_word' id='word_1_142' title='bbox 421 1911 485 1954; x_wconf 89' lang='lat' dir='ltr'><em>IV.</em></span> <span class='ocrx_word' id='word_1_143' title='bbox 524 1910 893 1953; x_wconf 77' lang='lat' dir='ltr'><strong>MACRORRHIZAEA.</strong></span> <span class='ocrx_word' id='word_1_144' title='bbox 914 1934 971 1938; x_wconf 87' lang='lat'><em>—-</em></span> <span class='ocrx_word' id='word_1_145' title='bbox 991 1906 1132 1964; x_wconf 75' lang='lat' dir='ltr'><em>Catyoc</em></span> <span class='ocrx_word' id='word_1_146' title='bbox 1163 1908 1254 1951; x_wconf 85' lang='lat' dir='ltr'><em>basi</em></span> <span class='ocrx_word' id='word_1_147' title='bbox 1283 1908 1427 1951; x_wconf 84' lang='lat' dir='ltr'><em>nudus</em></span> <span class='ocrx_word' id='word_1_148' title='bbox 1458 1906 1889 1950; x_wconf 75' lang='lat' dir='ltr'><em>obconico-tubutosus</em></span> 
     </span>
     <span class='ocr_line' id='line_1_25' title="bbox 608 1964 1888 2023; baseline -0.003 -13"><span class='ocrx_word' id='word_1_149' title='bbox 608 1967 671 2010; x_wconf 70' lang='lat' dir='ltr'><em>vel</em></span> <span class='ocrx_word' id='word_1_150' title='bbox 688 1966 907 2023; x_wconf 73' lang='lat' dir='ltr'><em>oblonyus.</em></span> <span class='ocrx_word' id='word_1_151' title='bbox 939 1966 1084 2010; x_wconf 86' lang='lat' dir='ltr'><em>Petali</em></span> <span class='ocrx_word' id='word_1_152' title='bbox 1107 1967 1266 2023; x_wconf 69' lang='lat' dir='ltr'><em>unquis</em></span> <span class='ocrx_word' id='word_1_153' title='bbox 1289 1967 1337 2009; x_wconf 89' lang='lat' dir='ltr'><em>in</em></span> <span class='ocrx_word' id='word_1_154' title='bbox 1361 1967 1572 2009; x_wconf 88' lang='lat' dir='ltr'><em>laminam</em></span> <span class='ocrx_word' id='word_1_155' title='bbox 1594 1965 1752 2008; x_wconf 87' lang='lat' dir='ltr'><em>sensim</em></span> <span class='ocrx_word' id='word_1_156' title='bbox 1774 1964 1888 2007; x_wconf 84' lang='lat' dir='ltr'><em>dita-</em></span> 
     </span>
     <span class='ocr_line' id='line_1_26' title="bbox 611 2024 1890 2082; baseline -0.003 -12"><span class='ocrx_word' id='word_1_157' title='bbox 611 2031 739 2070; x_wconf 85' lang='lat' dir='ltr'><em>tatus.</em></span> <span class='ocrx_word' id='word_1_158' title='bbox 789 2024 998 2069; x_wconf 80' lang='lat' dir='ltr'><em>Ovarium</em></span> <span class='ocrx_word' id='word_1_159' title='bbox 1029 2025 1402 2069; x_wconf 82' lang='lat' dir='ltr'><em>multiovulatum.</em></span> <span class='ocrx_word' id='word_1_160' title='bbox 1448 2024 1639 2082; x_wconf 85' lang='lat' dir='ltr'><em>Capsula</em></span> <span class='ocrx_word' id='word_1_161' title='bbox 1670 2028 1795 2066; x_wconf 79' lang='lat' dir='ltr'><em>ovata</em></span> <span class='ocrx_word' id='word_1_162' title='bbox 1825 2024 1890 2066; x_wconf 80' lang='lat' dir='ltr'><em>vel</em></span> 
     </span>
     <span class='ocr_line' id='line_1_27' title="bbox 608 2082 1885 2140; baseline -0.002 -13"><span class='ocrx_word' id='word_1_163' title='bbox 608 2084 1082 2140; x_wconf 71' lang='lat' dir='ltr'><em>oblonqo-cylindrica.</em></span> <span class='ocrx_word' id='word_1_164' title='bbox 1127 2084 1330 2127; x_wconf 83' lang='lat' dir='ltr'><em>Placenta</em></span> <span class='ocrx_word' id='word_1_165' title='bbox 1362 2084 1464 2140; x_wconf 88' lang='lat' dir='ltr'><em>plus</em></span> <span class='ocrx_word' id='word_1_166' title='bbox 1495 2084 1642 2126; x_wconf 88' lang='lat' dir='ltr'><em>minus</em></span> <span class='ocrx_word' id='word_1_167' title='bbox 1672 2082 1885 2138; x_wconf 72' lang='lat' dir='ltr'><em>elonyata.</em></span> 
     </span>
     <span class='ocr_line' id='line_1_28' title="bbox 611 2141 1890 2199; baseline -0.005 -11"><span class='ocrx_word' id='word_1_168' title='bbox 611 2144 798 2188; x_wconf 80' lang='lat' dir='ltr'><em>Seminis</em></span> <span class='ocrx_word' id='word_1_169' title='bbox 830 2143 1029 2186; x_wconf 86' lang='lat' dir='ltr'><em>radicula</em></span> <span class='ocrx_word' id='word_1_170' title='bbox 1060 2143 1272 2199; x_wconf 74' lang='lat' dir='ltr'><em>elonqata.</em></span> <span class='ocrx_word' id='word_1_171' title='bbox 1300 2169 1357 2173; x_wconf 90' lang='lat'><em>—-</em></span> <span class='ocrx_word' id='word_1_172' title='bbox 1379 2142 1531 2186; x_wconf 88' lang='lat' dir='ltr'><em>Herboe</em></span> <span class='ocrx_word' id='word_1_173' title='bbox 1560 2142 1690 2185; x_wconf 86' lang='lat' dir='ltr'><em>unica</em></span> <span class='ocrx_word' id='word_1_174' title='bbox 1720 2141 1890 2197; x_wconf 69' lang='lat' dir='ltr'><em>ecce-epta</em></span> 
     </span>
     <span class='ocr_line' id='line_1_29' title="bbox 608 2199 1888 2258; baseline -0.003 -13"><span class='ocrx_word' id='word_1_175' title='bbox 608 2215 763 2246; x_wconf 84' lang='lat' dir='ltr'><em>annuoe</em></span> <span class='ocrx_word' id='word_1_176' title='bbox 787 2202 923 2245; x_wconf 83' lang='lat' dir='ltr'><em>ramis</em></span> <span class='ocrx_word' id='word_1_177' title='bbox 948 2208 986 2245; x_wconf 87' lang='lat' dir='ltr'><em>et</em></span> <span class='ocrx_word' id='word_1_178' title='bbox 1011 2202 1228 2258; x_wconf 73' lang='lat' dir='ltr'><em>pedicetlis</em></span> <span class='ocrx_word' id='word_1_179' title='bbox 1256 2201 1534 2245; x_wconf 78' lang='lat' dir='ltr'><em>tenuissimis.</em></span> <span class='ocrx_word' id='word_1_180' title='bbox 1574 2200 1710 2245; x_wconf 86' lang='lat' dir='ltr'><em>Sectio</em></span> <span class='ocrx_word' id='word_1_181' title='bbox 1736 2199 1888 2242; x_wconf 85' lang='lat' dir='ltr'><em>habitu</em></span> 
     </span>
     <span class='ocr_line' id='line_1_30' title="bbox 608 2259 1889 2318; baseline -0.003 -14"><span class='ocrx_word' id='word_1_182' title='bbox 608 2260 906 2317; x_wconf 76' lang='lat' dir='ltr'><em>Dichoglottidi</em></span> <span class='ocrx_word' id='word_1_183' title='bbox 933 2261 1080 2317; x_wconf 78' lang='lat' dir='ltr'><em>affinis</em></span> <span class='ocrx_word' id='word_1_184' title='bbox 1102 2262 1173 2303; x_wconf 74' lang='lat' dir='ltr'><em>sed</em></span> <span class='ocrx_word' id='word_1_185' title='bbox 1189 2261 1242 2304; x_wconf 85' lang='lat' dir='ltr'><em>ab</em></span> <span class='ocrx_word' id='word_1_186' title='bbox 1258 2262 1305 2304; x_wconf 75' lang='lat' dir='ltr'><em>ea</em></span> <span class='ocrx_word' id='word_1_187' title='bbox 1321 2261 1498 2318; x_wconf 79' lang='lat' dir='ltr'><em>capsula</em></span> <span class='ocrx_word' id='word_1_188' title='bbox 1513 2265 1552 2304; x_wconf 88' lang='lat' dir='ltr'><em>et</em></span> <span class='ocrx_word' id='word_1_189' title='bbox 1565 2259 1764 2317; x_wconf 76' lang='lat' dir='ltr'><em>placenta</em></span> <span class='ocrx_word' id='word_1_190' title='bbox 1779 2259 1889 2301; x_wconf 80' lang='lat' dir='ltr'><em>elon-</em></span> 
     </span>
     <span class='ocr_line' id='line_1_31' title="bbox 606 2318 1888 2377; baseline -0.002 -15"><span class='ocrx_word' id='word_1_191' title='bbox 606 2321 719 2377; x_wconf 74' lang='lat' dir='ltr'><em>qatis</em></span> <span class='ocrx_word' id='word_1_192' title='bbox 751 2319 1032 2377; x_wconf 73' lang='lat' dir='ltr'><em>radiculaque</em></span> <span class='ocrx_word' id='word_1_193' title='bbox 1058 2320 1325 2376; x_wconf 86' lang='lat' dir='ltr'><em>prominenti</em></span> <span class='ocrx_word' id='word_1_194' title='bbox 1355 2320 1584 2371; x_wconf 87' lang='lat' dir='ltr'><em>distincta;</em></span> <span class='ocrx_word' id='word_1_195' title='bbox 1614 2318 1767 2375; x_wconf 86' lang='lat' dir='ltr'><em>species</em></span> <span class='ocrx_word' id='word_1_196' title='bbox 1786 2330 1888 2359; x_wconf 86' lang='lat' dir='ltr'><em>non-</em></span> 
     </span>
     <span class='ocr_line' id='line_1_32' title="bbox 607 2376 1889 2435; baseline -0.003 -14"><span class='ocrx_word' id='word_1_197' title='bbox 607 2379 737 2422; x_wconf 81' lang='lat' dir='ltr'><em>nuttae</em></span> <span class='ocrx_word' id='word_1_198' title='bbox 769 2379 909 2434; x_wconf 71' lang='lat' dir='ltr'><em>calyce</em></span> <span class='ocrx_word' id='word_1_199' title='bbox 941 2378 1024 2422; x_wconf 87' lang='lat' dir='ltr'><em>late</em></span> <span class='ocrx_word' id='word_1_200' title='bbox 1055 2379 1366 2422; x_wconf 72' lang='lat' dir='ltr'><em>viridi-vittam</em></span> <span class='ocrx_word' id='word_1_201' title='bbox 1396 2379 1453 2421; x_wconf 87' lang='lat' dir='ltr'><em>ad</em></span> <span class='ocrx_word' id='word_1_202' title='bbox 1480 2376 1723 2435; x_wconf 84' lang='lat' dir='ltr'><em>Saponariae</em></span> <span class='ocrx_word' id='word_1_203' title='bbox 1750 2376 1889 2419; x_wconf 88' lang='lat' dir='ltr'><em>sectio-</em></span> 
     </span>
     <span class='ocr_line' id='line_1_33' title="bbox 608 2436 1885 2493; baseline -0.002 -13"><span class='ocrx_word' id='word_1_204' title='bbox 608 2451 702 2480; x_wconf 90' lang='lat' dir='ltr'><em>nem</em></span> <span class='ocrx_word' id='word_1_205' title='bbox 722 2436 980 2481; x_wconf 82' lang='lat' dir='ltr'><em>Proteiniam</em></span> <span class='ocrx_word' id='word_1_206' title='bbox 1010 2439 1231 2491; x_wconf 83' lang='lat' dir='ltr'><em>accedunt,</em></span> <span class='ocrx_word' id='word_1_207' title='bbox 1263 2438 1335 2480; x_wconf 84' lang='lat' dir='ltr'><em>sed</em></span> <span class='ocrx_word' id='word_1_208' title='bbox 1366 2438 1414 2480; x_wconf 86' lang='lat' dir='ltr'><em>ob</em></span> <span class='ocrx_word' id='word_1_209' title='bbox 1445 2436 1653 2481; x_wconf 72' lang='lat' dir='ltr'><em>radiculae</em></span> <span class='ocrx_word' id='word_1_210' title='bbox 1682 2437 1885 2493; x_wconf 85' lang='lat' dir='ltr'><em>formam,</em></span> 
     </span>
     <span class='ocr_line' id='line_1_34' title="bbox 607 2492 1886 2553; baseline -0.002 -14"><span class='ocrx_word' id='word_1_211' title='bbox 607 2510 794 2553; x_wconf 70' lang='lat' dir='ltr'><em>unquem</em></span> <span class='ocrx_word' id='word_1_212' title='bbox 806 2496 1051 2553; x_wconf 84' lang='lat' dir='ltr'><em>petalorum</em></span> <span class='ocrx_word' id='word_1_213' title='bbox 1068 2511 1153 2540; x_wconf 88' lang='lat' dir='ltr'><em>non</em></span> <span class='ocrx_word' id='word_1_214' title='bbox 1171 2496 1457 2551; x_wconf 82' lang='lat' dir='ltr'><em>lamellatum‚</em></span> <span class='ocrx_word' id='word_1_215' title='bbox 1487 2496 1633 2553; x_wconf 81' lang='lat' dir='ltr'><em>aptius</em></span> <span class='ocrx_word' id='word_1_216' title='bbox 1649 2492 1886 2553; x_wconf 78' lang='lat' dir='ltr'><em>Gypsophi-</em></span> 
     </span>
     <span class='ocr_line' id='line_1_35' title="bbox 608 2555 1032 2599; baseline 0.005 -2"><span class='ocrx_word' id='word_1_217' title='bbox 608 2555 658 2598; x_wconf 84' lang='lat' dir='ltr'><em>1ae</em></span> <span class='ocrx_word' id='word_1_218' title='bbox 680 2556 1032 2599; x_wconf 85' lang='lat' dir='ltr'><em>adnumerandoe.</em></span> 
     </span>
    </p>
   </div>
   <div class='ocr_carea' id='block_1_10' title="bbox 375 2634 592 2673">
    <p class='ocr_par' dir='ltr' id='par_1_10' title="bbox 375 2634 592 2673">
     <span class='ocr_line' id='line_1_36' title="bbox 375 2634 592 2673; baseline 0 -1"><span class='ocrx_word' id='word_1_219' title='bbox 375 2634 397 2657; x_wconf 42' lang='grc' dir='ltr'><strong><em>ἃ</em></strong></span> <span class='ocrx_word' id='word_1_220' title='bbox 430 2637 592 2673; x_wconf 85' lang='lat' dir='ltr'><em>Annuae.</em></span> 
     </span>
    </p>
   </div>
   <div class='ocr_carea' id='block_1_11' title="bbox 258 2754 1885 2947">
    <p class='ocr_par' dir='ltr' id='par_1_11' title="bbox 258 2754 1885 2947">
     <span class='ocr_line' id='line_1_37' title="bbox 434 2754 1885 2823; baseline 0 -26"><span class='ocrx_word' id='word_1_221' title='bbox 434 2757 463 2809; x_wconf 87' lang='lat'>†</span> <span class='ocrx_word' id='word_1_222' title='bbox 496 2758 619 2807; x_wconf 82' lang='lat' dir='ltr'><strong>Calyx</strong></span> <span class='ocrx_word' id='word_1_223' title='bbox 651 2759 728 2823; x_wconf 60' lang='lat' dir='ltr'><em>late</em></span> <span class='ocrx_word' id='word_1_224' title='bbox 764 2757 793 2799; x_wconf 80' lang='lat'>5</span> <span class='ocrx_word' id='word_1_225' title='bbox 822 2759 1118 2799; x_wconf 81' lang='lat' dir='ltr'><em>viridi-vittatus</em></span> <span class='ocrx_word' id='word_1_226' title='bbox 1153 2754 1371 2798; x_wconf 79' lang='lat' dir='ltr'><em>intervallis</em></span> <span class='ocrx_word' id='word_1_227' title='bbox 1405 2759 1714 2799; x_wconf 83' lang='lat' dir='ltr'><em>membranaceis</em></span> <span class='ocrx_word' id='word_1_228' title='bbox 1745 2771 1885 2808; x_wconf 81' lang='lat' dir='ltr'><em>angus-</em></span> 
     </span>
     <span class='ocr_line' id='line_1_38' title="bbox 610 2818 787 2858; baseline 0.011 -2"><span class='ocrx_word' id='word_1_229' title='bbox 610 2818 787 2858; x_wconf 65' lang='lat' dir='ltr'><em>tisstmis.</em></span> 
     </span>
     <span class='ocr_line' id='line_1_39' title="bbox 258 2893 1015 2947; baseline 0.004 -15"><span class='ocrx_word' id='word_1_230' title='bbox 258 2893 299 2932; x_wconf 89' lang='lat' dir='ltr'><em>G.</em></span> <span class='ocrx_word' id='word_1_231' title='bbox 334 2893 583 2944; x_wconf 80' lang='lat' dir='ltr'><em>bellidisolia‚</em></span> <span class='ocrx_word' id='word_1_232' title='bbox 615 2894 861 2946; x_wconf 78' lang='lat' dir='ltr'><em>floribunda,</em></span> <span class='ocrx_word' id='word_1_233' title='bbox 895 2897 1015 2947; x_wconf 81' lang='lat' dir='ltr'><em>picta.</em></span> 
     </span>
    </p>
   </div>
  </div>
 </body>
</html>
