2021 3235
877 160 956 206 121

75 254 192 298 tenui
233 255 421 297 torulosa
472 267 583 310 saepe
624 256 796 296 curvata
843 254 905 295 vel
956 257 1149 297 contorta
1188 255 1354 311 papillis
1395 256 1547 312 patulis
1593 257 1749 299 conicis

76 313 330 366 aculeolata‚
366 311 528 355 semine
564 311 1007 369 oblongo-cylindrico
1041 312 1294 355 subcurvato
1331 319 1396 364 Q).
1437 313 1504 356 Gt.
1536 315 1750 369 pumilum

76 370 207 414 Boiss.
238 371 346 413 Ann.
391 370 454 414 Sc.
493 370 586 413 Nat.
625 369 755 422 1841,
785 384 881 426 pag.
926 368 1026 412 374.
1071 369 1139 413 Gl.
1173 372 1492 427 squamiqcrum
1528 373 1669 427 Bunge
1708 373 1749 415 in

74 429 221 472 Lehm.
251 443 292 486 p.
325 428 409 471 192
436 435 476 471 et
501 428 619 471 Boiss
646 434 686 471 et
704 428 842 471 Buhsc
871 428 990 470 Aufz.
1021 442 1106 472 non
1136 429 1219 471 Kar
1246 436 1286 471 et
1316 429 1402 471 Kir.

132 499 232 538 Hab.
259 500 295 537 in
328 500 543 548 subalpinis
570 499 761 537 Armeniae
783 510 904 547 prope
930 498 1088 536 Ardana
1126 495 1292 552 (Now),
1332 500 1473 537 Persiae
1511 501 1682 538 borealis
1714 501 1751 537 in

75 563 204 596 monte
227 559 370 597 Elbrus
389 555 484 612 (Ky.
513 570 592 596 exs
618 554 746 611 5472)
774 566 809 595 e⁴
832 569 954 606 prope
972 557 1154 596 Gamarlu
1180 554 1325 611 (Buhse
1343 557 1389 612 !)‚
1410 558 1640 596 Ssertschah
1659 559 1749 596 Per-

75 618 141 655 siae
156 618 354 655 orientalis
377 622 414 655 et
435 618 535 655 inter
566 617 674 656 Yezd
703 622 742 656 et
772 616 941 665 Ispahan
967 613 1182 670 (Bangel),
1207 618 1258 655 ad
1290 618 1455 666 Ispahan
1489 614 1634 671 (Auch.
1662 629 1746 656 exs.

76 674 183 716 1041
206 669 254 730 ἶ),
281 678 319 715 in
343 676 606 715 Turkestania
630 674 774 730 (Lehm
791 673 858 730 !)„
882 676 1091 725 Affghania
1115 673 1255 729 (Griffl
1270 673 1301 730 ).

134 744 248 782 Folia
271 744 459 782 radicalia
483 740 617 796 1¹l2-2
640 744 805 792 pollices
831 744 957 791 longa,
983 744 1103 782 caulis
1122 744 1246 781 tenuis
1271 744 1426 781 tandem
1452 743 1668 781 dichotome
1694 755 1750 780 ra-

77 801 331 852 mosissimus‚
357 803 489 851 petala
513 803 569 841 ei's
593 804 634 842 G.
659 803 892 841 corniculati
916 803 1076 841 dimidio
1094 803 1254 849 minora,
1274 803 1421 851 siliquae
1444 800 1517 841 2-5
1543 802 1750 849 pollicares

76 862 177 899 inter
206 863 353 900 semina
383 863 673 912 subangustatae
695 863 893 900 tenuiores
916 863 994 900 illis
1017 861 1058 900 G.
1082 862 1348 911 simbrilliyeri
1374 874 1397 899 a
1426 873 1500 910 quo
1527 862 1653 898 differt
1672 873 1751 897 om-

77 922 181 959 nium
206 922 374 970 partium
400 923 601 972 tenuitate,
636 922 760 959 forma
785 921 978 971 foliorum,
1003 921 1144 970 petalis
1169 922 1338 959 minutis.
1360 941 1418 949 —
1454 919 1514 960 Gl.
1539 920 1750 969 squamme-

76 991 164 1018 rum
188 981 284 1019 Kar.
311 986 347 1018 et
371 981 455 1019 Kir.
483 993 530 1019 ex
554 980 745 1029 Songaria
771 980 907 1019 habitu
931 985 969 1019 et
993 981 1143 1030 siliquis
1167 980 1356 1019 aculeatis
1377 979 1491 1017 affine
1506 980 1754 1027 distinguitur

78 1040 182 1078 foliis
204 1039 671 1090 pinnatipartito-lyratis,
696 1040 836 1088 petalis
862 1040 1088 1090 majoribus,
1114 1040 1259 1078 semine
1282 1039 1494 1078 reniformi.

137 1202 197 1245 G.
243 1203 808 1258 contortuplicatum
834 1202 984 1258 (Boiss.
1020 1202 1127 1244 Ann.
1169 1201 1233 1245 Sc.
1275 1202 1367 1244 Nat.
1417 1200 1523 1244 1841
1572 1214 1611 1256 p.
1652 1198 1753 1254 376)

79 1260 430 1315 glabriusculum,
459 1261 578 1304 caule
614 1275 756 1304 crasso
792 1261 953 1318 pumilo
980 1274 1004 1303 a
1044 1260 1134 1303 basi
1168 1259 1459 1303 ramosissimo
1487 1257 1753 1315 corymboso,

78 1318 187 1361 soliis
216 1318 471 1362 radicalibus
497 1319 637 1376 parvis
665 1319 853 1362 obovatis
882 1318 1114 1362 runcinatis
1141 1318 1319 1361 caulinis
1354 1316 1627 1359 inferioribus
1661 1315 1749 1371 pin-

79 1376 336 1428 natilobatis‚
370 1377 664 1434 superioribus
692 1378 868 1421 minutis
901 1377 1359 1434 subamplexicaulibus
1400 1375 1529 1418 ovatis
1564 1374 1754 1417 subinte-

79 1435 182 1490 gris,
211 1435 364 1492 sepalis
395 1436 578 1493 glabris,
617 1436 766 1493 petalis
807 1436 982 1479 minutis
1021 1435 1204 1488 croceis,
1238 1433 1381 1478 ovario
1417 1432 1597 1490 sparsim
1624 1445 1756 1489 prope

80 1493 243 1550 apicem
284 1495 430 1538 setulis
471 1494 625 1551 patulis
655 1494 895 1552 hispidum,
933 1494 1086 1551 siliqua
1112 1494 1316 1551 pedicello
1350 1492 1465 1535 brevi
1493 1491 1671 1533 refracto
1698 1490 1757 1531 in-

79 1559 265 1595 crassato
292 1552 462 1596 suffulta
487 1553 633 1609 glabra
661 1554 849 1597 torulosa
875 1552 1170 1609 irregulariter
1195 1554 1402 1603 contorta,
1433 1549 1593 1593 semine
1621 1555 1756 1591 ovato-

83 1610 305 1653 reniformi
333 1613 403 1667 (2).

141 1682 242 1721 Hab.
267 1683 305 1720 in
329 1693 440 1731 prov,
466 1681 608 1720 Ghilan
631 1683 775 1721 Persiae
800 1684 882 1721 bor.
911 1679 1054 1735 (Auch.
1080 1694 1161 1720 exs.
1196 1675 1388 1734 4022!)‚
1423 1681 1521 1717 inter
1542 1679 1699 1716 Rudbar
1722 1680 1758 1715 ct

83 1740 246 1790 Mendjil
265 1746 302 1780 et
326 1743 364 1780 in
384 1743 484 1781 valle
508 1742 615 1780 Nika
638 1737 809 1797 (Bflhsel
841 1742 967 1780 forma
988 1738 1147 1795 major).

142 1807 281 1846 Planta
304 1809 368 1846 vix
392 1809 641 1857 semipedalis
666 1809 786 1848 dense
811 1809 1057 1858 corymbosa‚
1089 1807 1183 1846 folia
1206 1807 1390 1845 inferiora
1412 1806 1476 1843 vix
1503 1802 1756 1852 bipollicaria.

83 1866 219 1905 Pelala
246 1873 284 1906 et
317 1869 451 1916 sepala
479 1867 555 1909 5-4
580 1869 649 1907 lin.
690 1870 820 1918 longa,
845 1867 1018 1907 antherae
1040 1867 1218 1916 oblongae
1252 1878 1322 1905 nec
1356 1870 1397 1903 ut
1429 1864 1516 1901 aliis
1553 1862 1759 1909 speciebus

83 1927 455 1976 oblongo-lineares,
483 1929 630 1976 siliquae
655 1934 789 1966 tenues
828 1924 962 1981 1¹s2-2
999 1926 1160 1974 pollices
1197 1927 1322 1975 longae
1357 1924 1501 1962 striatae
1530 1921 1643 1958 valde
1670 1931 1757 1957 con-

82 1989 203 2023 tortae.
236 2009 287 2014 —
314 1986 371 2025 Gl.
402 1987 601 2028 Persicum
621 2001 685 2027 Dc.
712 1988 804 2036 Syst
826 1988 876 2036 II,
899 2000 936 2036 p.
959 1984 1016 2026 97
1043 1998 1091 2023 ex
1115 1985 1247 2023 rosula
1270 1984 1391 2022 sterili
1410 1982 1517 2020 herb.
1538 1981 1634 2018 Mus.
1655 1979 1727 2015 Par
1746 1976 1754 2015 !

81 2048 226 2083 tantum
249 2047 486 2095 descriptum
511 2047 585 2086 huc
610 2048 741 2085 forsan
766 2050 919 2095 spectat
942 2046 1011 2084 sed
1036 2055 1280 2094 synonymon
1309 2040 1560 2081 omittendum
1585 2042 1643 2076 est
1665 2049 1750 2074 nam

85 2105 169 2153 ejus
193 2105 288 2143 folia
309 2107 410 2144 inter
434 2106 533 2146 hanc
555 2108 726 2155 speciem
752 2110 788 2144 et
811 2106 906 2144 alias
932 2105 1049 2143 dubia
1073 2107 1172 2142 sunt.

142 2286 201 2330 G.
248 2285 685 2342 grandiflorum
729 2285 880 2342 (Boiss.
927 2290 968 2326 et
1009 2283 1120 2325 Huet
1159 2281 1306 2336 Diagn.
1338 2279 1426 2343 Ser.
1460 2276 1513 2328 ll,
1542 2275 1652 2339 V‚p.
1685 2272 1757 2327 15)

84 2345 280 2400 glaucum
312 2345 624 2397 tomentellum,
653 2344 763 2387 foliis
797 2341 1053 2386 radicalibus
1086 2338 1394 2401 pinnatiseclrs·
1416 2335 1639 2397 sublyratis
1667 2345 1759 2396 seg-

83 2402 237 2446 mentis
263 2402 661 2459 obovato-oblongis
679 2400 1053 2459 amplexicaulibus
1072 2396 1435 2460 pinnati-partitis,
1457 2392 1608 2448 sepalls
1626 2390 1758 2454 p³P¹¹‘

83 2461 335 2514 lari-hirtis,
377 2462 527 2518 petalis
561 2461 726 2518 magnis
762 2457 1152 2503 fulvo-aurantiacis
1185 2454 1275 2497 basi
1310 2449 1756 2515 violaceo-maculatis,

85 2518 235 2576 siliqua
253 2523 366 2563 recta
384 2519 484 2563 setis
500 2519 638 2576 longis
664 2518 876 2576 adpressis
902 2517 1084 2569 hirsuta,
1113 2513 1272 2558 semine
1301 2517 1421 2554 ovato
1445 2508 1666 2552 renisorm1
1699 2514 1757 2554 26.

141 2591 241 2629 Hab.
269 2591 306 2628 in
341 2591 531 2639 lapidosis
563 2591 755 2629 Anatoliae
781 2601 906 2638 prope
935 2588 1043 2634 Boli,
1069 2583 1349 2630 Kastamouni,
1382 2582 1510 2618 monte
1546 2575 1760 2623 Elmadagh

85 2660 206 2697 prope
228 2650 389 2698 Angora
414 2647 615 2704 (W‘ied!)‚
656 2650 849 2687 Armeniae
885 2648 933 2685 ad
971 2647 1181 2684 Erzeroum
1213 2647 1250 2680 et
1272 2642 1437 2679 Baibout
1463 2634 1608 2690 (Huetl
1638 2633 1755 2672 Calv!

84 2706 275 2762 Boni-gl),
301 2710 589 2758 Mesopotamiae
614 2706 718 2763 (Noe'
734 2701 767 2762 l)
783 2738 791 2754 ‚
820 2708 963 2745 Persiae
984 2706 1067 2743 bor.
1089 2704 1136 2741 arl
1165 2700 1395 2747 Seidkhodji
1421 2709 1528 2745 prov,
1556 2693 1760 2760 Aderbifi-

80 2767 147 2815 jan
174 2765 360 2822 (Szowl)
389 2772 427 2806 et
449 2770 631 2808 australis
652 2769 701 2805 ad
722 2767 879 2805 Schiraz
909 2762 1004 2818 (Ky.
1034 2774 1118 2801 exe.
1144 2759 1225 2801 511
1258 2760 1327 2797 sub
1354 2757 1396 2797 G.
1425 2752 1558 2805 salvo).
1587 2753 1644 2790 Fl.
1673 2756 1758 2791 1n1t.

84 2831 165 2866 aest.

143 2895 301 2944 Species
318 2895 491 2945 pulchra,
510 2896 626 2934 flores
652 2895 707 2933 eis
734 2894 774 2933 G.
800 2894 896 2942 slavi
918 2891 998 2930 fere
1024 2890 1204 2940 majores,
1234 2888 1373 2935 siliqua
1395 2883 1469 2926 4-5
1492 2882 1697 2932 pollicaris.
