2021 3235
881 157 964 201 119

80 262 161 288 exs.
188 249 297 291 169!
327 251 451 290 Auch.
487 262 569 288 exs.
594 248 702 290 578!
730 248 906 303 Boissl).
934 252 1223 301 Mesopotamiae
1256 254 1466 304 (Chesney.
1493 269 1572 295 exs.
1604 254 1752 311 1551),

79 310 118 347 in
141 309 296 348 deserto
332 311 384 348 ad
408 311 628 358 Palmyram
665 306 728 362 (Bl
746 306 795 362 l),
834 311 970 348 Persia
999 312 1048 348 a<l
1075 312 1240 359 Ispahan
1267 309 1409 367 (Aucb.
1451 314 1628 370 4059!)‚
1653 320 1754 356 Tur-

79 368 257 406 kestania
279 369 403 407 Lehm
421 367 468 422 ί),
493 369 701 418 Affgliania
729 366 869 422 (Griffl
887 366 917 421 )‚
944 371 1166 408 Belutschia
1191 368 1350 422 (Stocks
1369 370 1415 423 l).
1444 375 1501 411 Fl.
1537 388 1637 412 vere.

137 433 183 486 β.
215 432 492 488 ρίηηαίὶᾕὶίία.
528 432 645 474 Folia
680 431 929 487 simpliciter
956 432 1217 488 pinnalifida.
1250 435 1300 477 R.
1328 436 1584 492 pzssimanssstda
1615 439 1753 480 Boii-in

81 489 123 532 in
150 490 318 546 Belang.
348 490 450 548 Voy.
482 491 596 533 Icon.
628 490 787 546 absque
819 490 1118 547 descriptione.

139 560 238 598 Hab.
265 560 303 597 in
329 561 462 598 Persia
488 557 732 614 (Belanger).

139 628 378 666 Praecedenti
401 629 515 666 valde
541 627 666 665 affinis
692 628 759 665 sed
785 628 940 665 videtur
964 629 1146 667 distincta
1172 628 1277 666 foliis
1302 630 1426 668 minus
1452 632 1629 670 dissectis
1655 634 1756 671 lobis

81 688 330 735 abbreviatis,
356 688 495 735 petalis
520 685 595 727 5-6
617 688 739 724 lineas
773 691 918 724 tantum
945 688 1084 737 longis,
1113 689 1262 736 siliquis
1289 687 1425 742 1-172
1452 703 1520 729 nec
1545 690 1619 730 25
1645 693 1755 740 polli-

82 746 235 785 caribus
258 747 351 785 setis
378 747 660 795 copiosioribus
677 747 865 784 diametro
889 747 1037 795 siliquae
1058 759 1160 795 saepe
1185 748 1440 795 longioribus.
1467 751 1677 789 Pcdunculi
1699 764 1754 789 ra-

82 806 160 844 rius
186 818 272 845 curt-
282 807 334 844 ati
359 807 420 844 vel
444 805 615 845 refracti.

257 946 280 968 ÷÷
312 946 335 968 ἓ
367 947 584 984 Filamenta
622 947 858 985 subdilatata
892 947 1004 995 apice
1043 949 1187 985 sensim
1219 951 1428 987 attenuata.
1466 948 1622 998 Siliquae
1646 951 1755 998 apice

430 1009 649 1044 attenuatae.

141 1119 201 1162 R.
237 1117 619 1161 rhaeadissora
656 1116 806 1173 (Boiss.
838 1116 986 1171 Diagn.
1019 1115 1109 1158 Ser.
1146 1116 1178 1168 l,
1208 1117 1274 1169 Vl,
1305 1131 1345 1173 p.
1378 1116 1421 1173 7)
1452 1118 1560 1160 foliis
1588 1118 1628 1159 in
1657 1118 1755 1159 laci-

81 1176 173 1219 nias
200 1175 382 1219 lineares
408 1175 804 1232 bipinnatipartitis,
833 1173 982 1231 petalis
1010 1173 1192 1230 magnis,
1212 1174 1376 1232 siliquis
1403 1177 1639 1232 pedunculo
1666 1176 1758 1217 brc-

81 1234 270 1278 vioribus
320 1241 475 1291 praeter
524 1233 601 1277 2-4
650 1240 761 1277 setas
802 1233 919 1290 apice
967 1232 1078 1275 inter
1124 1232 1319 1289 stigmata
1360 1234 1573 1276 interdum
1614 1234 1755 1277 obvias

83 1292 352 1350 glaberrimis
384 1299 448 1345 Θ.

141 1364 240 1401 Hab.
264 1364 302 1401 in
325 1363 636 1402 Transoauoasia
672 1363 722 1400 ad
746 1363 920 1400 Derbent
945 1359 1056 1414 (Stev
1073 1358 1120 1413 l),
1148 1362 1290 1399 ditione
1314 1362 1485 1410 Talysch
1512 1360 1665 1415 (Heben
1684 1361 1691 1400 !
1712 1359 1752 1414 ),

85 1422 220 1460 Persia
242 1423 390 1461 boreali
424 1419 567 1475 (Aucb.
593 1434 662 1460 exs
705 1417 846 1462 4040!
872 1421 949 1470 Ky.
978 1433 1057 1458 exs.
1085 1417 1185 1473 751)
1213 1424 1251 1458 et
1275 1422 1433 1459 australi
1457 1422 1505 1458 ad
1530 1422 1754 1469 Persepolin

86 1486 124 1519 et
144 1481 302 1520 Schiraz
327 1479 421 1535 (Ky.
450 1478 530 1520 exs'.
555 1480 644 1522 250
662 1479 718 1534 !)‚
743 1481 967 1520 Belutschia
987 1479 1149 1532 '(Stocks
1166 1478 1213 1532 !).
1239 1480 1297 1518 Fl.
1322 1492 1427 1518 vere.

143 1549 279 1587 Petala
304 1550 487 1588 coccinea
516 1550 602 1588 basi
641 1550 965 1598 nigro-maculata
1005 1559 1051 1585 ea
1078 1547 1120 1585 Ρ.
1143 1548 1253 1585 dubii
1284 1548 1345 1585 vel
1371 1547 1484 1584 etiam
1517 1547 1562 1584 P.
1588 1547 1755 1584 rlzfoeadz's

85 1609 286 1657 aequantia.
312 1609 525 1648 Pedunculi
550 1610 669 1648 erecti
692 1609 816 1646 rarius
838 1607 1008 1646 refracti.

495 1763 749 1813 GLAUGIUM
783 1763 945 1823 (Tourn.
975 1762 1073 1809 Inst.
1109 1761 1189 1808 tab.
1232 1760 1349 1818 130).

143 1893 262 1952 Calyx
290 1896 519 1952 disepalus.
564 1896 706 1940 petala
737 1897 764 1939 4
805 1896 1064 1939 aestivalionc
1106 1895 1340 1938 convoluta.
1387 1893 1573 1936 Stamina
1610 1906 1757 1934 nume-

86 1966 195 1996 rosa.
241 1954 440 1997 Ovarium
481 1955 642 1998 lineare
686 1955 881 2011 stigmate
924 1954 1066 1996 bilobo
1108 1952 1341 1996 subsessili.
1375 1951 1549 2007 Capsula
1577 1950 1758 1992 tenuiter

87 2011 315 2068 cylindrica
356 2013 651 2070 siliquiformis
692 2013 937 2057 bilocularis
979 2012 1165 2055 bivalvis.
1211 2012 1416 2053 Placentae
1457 2023 1551 2051 cum
1589 2008 1757 2064 dissepi-

87 2077 199 2113 mato
226 2072 453 2128 spongioso
495 2072 745 2129 conjunctae.
786 2071 955 2115 Semina
993 2071 1221 2113 exarillata.
1254 2069 1406 2111 lIcrbae
1434 2067 1610 2109 floribus
1638 2066 1756 2108 fulvis

88 2130 151 2171 vel
178 2128 312 2183 ssavis,
342 2130 483 2174 rarius
511 2131 738 2174 coccineis.

344 2265 367 2288 ÷÷
401 2266 588 2306 Ovarium
611 2267 699 2316 plus
723 2268 899 2304 minusve
931 2266 1096 2315 pilosum
1119 2265 1180 2302 vel
1198 2264 1467 2302 aculeolatum.

149 2379 208 2423 G·-
240 2381 672 2423 corniculatum
699 2377 768 2434 (L.
798 2376 866 2433 Sp.
913 2374 998 2417 724
1023 2374 1100 2416 sub
1131 2372 1402 2426 Chelidonia)
1431 2369 1539 2411 foliis
1566 2368 1756 2431 omnibns

90 2436 419 2494 pinnatipartitis
445 2437 609 2481 laciniis
637 2442 813 2492 anguste
858 2433 1051 2488 oblongis
1078 2430 1258 2475 dentatis
1293 2427 1584 2492 superioribus
1619 2440 1639 2490 <J
1673 2426 1757 2489 basw

91 2499 284 2538 truncata
311 2495 670 2552 oblongo-ovans,
700 2494 853 2550 sepalis
894 2489 1271 2549 papilloso-hirtis‚
1311 2487 1475 2550 siliquis
1503 2486 1748 2549 ‘brevissinn

92 2554 386 2609 pedunculatis
414 2554 513 2598 setis
542 2553 753 2610 adpressis
780 2551 871 2594 basi
913 2548 1095 2593 dilatatis
1138 2547 1323 2595 scabris,
1361 2544 1595 2588 seminibus
1623 2549 1756 2584 ovato-

93 2612 395 2656 reniformibus
426 2619 490 2665 Ε).
526 2611 592 2655 Gt.
623 2611 936 2654 corniculatmn
962 2607 1075 2651 Curt.
1106 2606 1237 2648 Lond.
1267 2605 1336 2657 vl,
1365 2603 1447 2645 tab.
1479 2601 1549 2643 32

149 2699 190 2722 α.
219 2679 482 2735 phoeniceum
509 2691 575 2722 Dc.
617 2677 760 2720 Flores
802 2673 1037 2718 aurantiaci
1070 2686 1179 2728 saepe
1218 2665 1669 2726 purpureo-maculati.
1713 2664 1756 2707 G..

89 2738 352 2794 phaem'ceum
385 2737 469 2780 ΜΒ.
505 2737 578 2791 ΙΙΙ,
607 2750 649 2793 p.
680 2734 779 2777 3602.
810 2734 869 2775 Fi.
902 2732 1034 2775 Graec.
1066 2731 1149 2773 tab.
1180 2729 1279 2772 489.
1312 2727 1444 2770 Rcbb.
1476 2725 1546 2780 sig.
1578 2722 1683 2765 4471

152 2809 250 2847 Hab.
276 2809 419 2857 ubique
446 2808 485 2845 in
511 2807 625 2845 cultis
651 2812 689 2844 et
711 2804 903 2843 rudeiatis
926 2816 949 2840 a
972 2800 1122 2839 Graeoia
1148 2800 1195 2836 ad
1221 2799 1371 2846 Syriam
1398 2795 1622 2833 maritimam
1648 2796 1685 2829 et
1714 2792 1749 2827 in

94 2867 275 2905 teriorem
300 2867 478 2917 (Gai11!)‚
505 2867 678 2904 Persiam
701 2864 899 2902 borealem
928 2862 966 2898 in
992 2872 1102 2910 prov.
1128 2857 1370 2906 Aderbidjan
1399 2852 1584 2906 (Szowl).
1620 2851 1755 2888 Fl.·fin·

96 2938 213 2965 veris.
