2021 3235
996 191 1081 236 952

188 284 454 338 nutantibus,
482 284 662 327 floribus
669 319 817 338 ........
846 284 990 328 ovario
1016 284 1146 338 hirto,
1176 284 1338 328 fructus
1364 284 1483 338 parvi
1509 285 1586 326 alis
1615 284 1878 329 rectiusculis

185 342 432 401 junioribus
459 356 626 386 amoene
655 342 789 386 roseis
816 348 856 394 ὃ.

248 406 349 443 Hab.
375 405 414 442 in
438 406 597 453 regione
620 405 749 444 media
773 406 961 443 montium
984 405 1156 453 Kyllene
1181 408 1220 443 et
1244 404 1425 443 Chelmos
1462 416 1586 454 prope
1621 405 1783 454 Stygem
1813 405 1879 443 alt.

189 461 503 505 4ΟΟΟ’·5ΟΟΟ’
526 463 668 513 (Orph.
704 465 764 503 Fl.
791 464 860 503 Gr.
898 476 984 503 exs.
1012 461 1168 518 4081),
1193 464 1232 502 in
1258 465 1420 509 regione
1446 464 1573 503 media
1615 465 1805 503 Parnassi
1832 465 1881 502 ad

192 524 377 563 Cat-caria
403 523 552 574 (Orphl
579 523 757 571 Guicci).
784 524 847 562 Fl.
875 524 1076 562 Mai.-Jun.

249 583 380 622 Arbor
403 584 626 631 mediocris,
652 585 748 622 rami
773 584 918 622 cortice
936 582 1177 632 albo-grisea
1194 583 1326 621 vestiti
1353 583 1490 622 crebre
1513 584 1700 621 ramulosi
1723 583 1884 621 ramulis

191 643 247 681 eis
272 642 318 681 A.
344 642 657 693 Monspessulam’
680 644 800 682 multo
823 643 948 691 magis
980 642 1234 682 abbreviatis.
1270 642 1371 680 Huic
1395 641 1525 680 affinis
1560 646 1620 680 sat
1657 642 1882 681 distinctum

191 702 344 741 videtur
368 703 471 742 foliis
494 715 613 751 supra
637 715 713 741 non
739 702 885 751 nitidis,
909 702 1012 741 iobis
1035 702 1209 741 dentatis
1234 701 1358 740 acutis
1376 701 1436 738 vel
1462 702 1884 752 truncato-trilobatis3

191 762 340 801 fructus
366 774 520 812 quoque
545 763 716 800 minores
742 766 843 800 sunt.

251 901 313 944 A.
342 902 721 945 cinerascens
749 898 901 955 (Boiss,
932 898 1081 955 Diagn.
1112 897 1202 942 Ser.
1234 900 1267 952 1,
1296 899 1366 953 Vl,
1393 913 1420 956 p
1467 898 1541 957 29)
1578 899 1689 942 soliis
1715 899 1884 956 petiolis

194 959 530 1016 subaequilongis
567 957 749 1001 suffultis
785 956 991 1000 coriaceis
1019 956 1146 1000 3113111
1173 957 1328 1001 adultis
1355 960 1555 1015 utrinque
1582 958 1782 1014 adpresse
1809 971 1885 1015 pu-

195 1018 467 1061 bescentibus
500 1017 640 1075 parvis
674 1031 697 1059 a
732 1015 823 1059 basi
858 1015 1086 1059 rotundata
1111 1016 1174 1059 vel
1202 1016 1459 1059 subcordata
1486 1023 1727 1060 transverse
1755 1016 1888 1059 ovatis

196 1076 246 1119 ad
277 1077 443 1119 tertiam
472 1084 634 1133 partem
663 1089 799 1132 usque
826 1074 870 1117 in
896 1073 1015 1117 101103
1033 1075 1218 1131 aequales
1237 1078 1488 1118 rotundatos
1505 1075 1680 1118 obtusos
1698 1074 1889 1130 integros

196 1134 364 1185 divisis,
407 1134 619 1192 corymbis
652 1132 954 1177 subsessilibus
985 1132 1237 1176 nutantibus
1263 1133 1534 1190 paucissoris,
1579 1132 1732 1190 sepalis
1758 1133 1889 1176 ovatis

196 1192 347 1293 (finatis
396 1194 534 1251 petala
581 1193 758 1236 obovata
806 1191 896 1235 basi
940 1197 1156 1235 attenuata
1196 1191 1523 1249 superantibus,
1569 1191 1713 1235 ovario
1754 1191 1885 1246 hirto,

214 1260 429 1296 ructu.....
460 1258 498 1304 5.

255 1323 355 1361 Η311.
395 1324 430 1360 in
465 1324 652 1361 montosis
693 1323 838 1361 Persiae
877 1321 1061 1360 australis
1107 1321 1159 1360 ad
1197 1321 1331 1360 Sinum
1374 1321 1575 1360 Persicum
1609 1318 1763 1377 (Auch.
1803 1333 1885 1360 exs.

198 1380 317 1423 4295
334 1384 374 1432 1),
400 1395 524 1432 prope
548 1382 650 1421 Gere
676 1386 715 1421 et
739 1381 897 1421 Schiraz
924 1381 1002 1433 (Ky
1031 1393 1112 1420 exs.
1138 1379 1253 1432 571).
1279 1380 1340 1420 Fl.
1364 1382 1454 1419 Mai.

256 1450 387 1489 Arbor
412 1450 622 1488 mediocris
657 1449 776 1487 ramis
805 1448 992 1486 tortuosis
1028 1447 1385 1498 cinerascentibus,
1415 1447 1510 1486 folia
1536 1448 1686 1497 majora
1708 1446 1889 1495 pollicem

198 1511 318 1558 longa
345 1507 401 1549 15
425 1505 665 1548 11113331313.
689 1509 763 1547 Ab.
794 1506 839 1545 A.
870 1507 1190 1558 Monspessulano
1222 1507 1326 1546 foliis
1362 1507 1648 1557 pedicellisque
1688 1507 1885 1554 velutinis‚

199 1569 346 1618 sepalis
368 1569 495 1618 liirtis‚‘
520 1569 625 1606 foliis
650 1566 884 1607 brevissime
908 1568 1072 1616 trilobis,
1098 1571 1187 1618 etc„
1207 1567 1443 1606 distinctum.

271 1709 333 1752 A.
360 1707 670 1763 Syriacum
705 1705 857 1762 <Boiss.
895 1711 935 1748 et
966 1705 1085 1748 Gaill.
1127 1704 1277 1760 Diagn.
1309 1703 1399 1747 Ser.
1432 1704 1491 1756 ll,
1521 1704 1570 1756 V,
1609 1717 1647 1759 p.
1681 1702 1754 1759 72)
1783 1702 1893 1746 foliis

194 1765 442 1823 junioribus
477 1765 637 1822 glabris
671 1763 828 1822 petiolo
861 1763 1104 1821 aequilongo
1139 1763 1201 1805 vel
1243 1762 1436 1818 longiore
1479 1761 1661 1805 suffultis
1688 1761 1893 1804 coriaceis

199 1824 499 1868 concoloribus
541 1837 671 1880 supra
710 1822 862 1866 lucidis
904 1821 1240 1879 perennantibus
1268 1836 1290 1864 3
1318 1821 1407 1864 11331
1438 1821 1896 1864 rotundato-cuneata

200 1883 331 1926 ovatis
359 1882 478 1940 apice
505 1882 713 1926 truncatis
740 1881 905 1924 trilobis
933 1880 1040 1924 lobis
1068 1880 1269 1923 brevibus
1296 1879 1391 1923 latis
1418 1878 1576 1933 acutis,
1615 1878 1725 1922 soliis
1751 1892 1895 1922 ramo-

201 1956 296 1985 rum
333 1941 556 1998 juniorum
598 1940 791 1997 margine
819 1939 1035 1983 undulatis
1063 1938 1331 1983 subcordatis
1358 1937 1553 1995 oblongis
1580 1939 1644 1981 vel
1671 1938 1893 1993 angulatu-

200 2000 387 2053 trilobis,
426 1999 641 2058 corymbis
678 1998 982 2043 subsessilibus
1008 1997 1285 2051 nutantibus,
1315 1997 1468 2054 sepalis
1505 2004 1545 2040 et
1579 1995 1729 2054 petalis
1762 1995 1893 2039 ovatis

200 2058 266 2103 1113
293 2058 470 2103 dimidio
496 2058 755 2112 minoribus,
783 2058 947 2100 fructus
974 2056 1051 2100 alis
1078 2056 1479 2112 subdivergentibus
1505 2062 1544 2107 5.

259 2130 360 2168 Η311.
385 2130 422 2167 in
458 2130 561 2168 valle
585 2127 825 2177 Barghoutie
861 2127 1000 2165 Libani
1025 2139 1144 2175 supra
1174 2125 1360 2164 Sidonem
1381 2124 1543 2175 (Gaillt)
1564 2155 1573 2171 ,
1602 2126 1702 2162 inter
1735 2125 1892 2163 Hasrun

201 2193 238 2229 et
260 2190 407 2228 Batrun
434 2187 513 2242 (Ky
538 2189 577 2227 in
599 2188 708 2227 herb.
734 2186 960 2238 Vindobt).
996 2187 1056 2225 Fl.
1082 2186 1179 2235 Apr.

259 2256 373 2295 Folia
396 2256 531 2294 adulta
568 2253 650 2295 2-5
673 2255 839 2303 pollices
863 2255 984 2303 longa
1009 2259 1046 2291 et
1069 2253 1118 2291 ad
1143 2252 1297 2302 apicem
1336 2252 1440 2298 lata,
1477 2262 1673 2289 ramorum
1705 2251 1895 2289 sterilium

201 2317 350 2354 minora
385 2317 539 2363 integra
560 2316 623 2353 vel
650 2315 793 2353 triloba
827 2314 930 2352 lobis
956 2313 1184 2351 lateralibus
1211 2311 1367 2351 minutis
1400 2310 1716 2359 hedeieeformia,
1745 2310 1894 2348 fructus

200 2388 327 2424 magn.
353 2374 397 2413 A.
423 2375 634 2425 opulisolii.
662 2374 824 2422 Species
850 2374 900 2411 ab
922 2372 965 2411 A.
993 2372 1144 2411 Cretico
1167 2384 1246 2411 var.
1267 2374 1430 2409 cunealo
1453 2371 1610 2419 petiolis
1633 2370 1774 2418 longis,
1791 2369 1895 2407 foliis

199 2435 349 2484 magnis
373 2436 489 2474 valde
513 2434 702 2473 truncatis
729 2433 949 2471 discedens.

255 2500 301 2553 β.
327 2497 554 2554 Cyprium.
587 2496 703 2540 Folia
730 2494 898 2538 minora
928 2495 1062 2550 4-17,
1088 2493 1308 2552 pollicaria
1335 2491 1894 2536 semiorbiculari-truncata

199 2557 290 2602 basi
319 2557 547 2600 rotundata
575 2555 683 2599 lobis
710 2554 803 2597 latis
830 2553 1091 2596 brevissimis
1120 2553 1190 2596 sed
1220 2565 1390 2610 semper
1416 2550 1567 2612 acutis.

255 2629 356 2668 Hah.
382 2628 419 2666 in
445 2628 624 2667 convalle
643 2626 830 2664 montium
857 2625 978 2674 Cypri
1000 2637 1124 2674 prope
1144 2621 1383 2663 Prodromos
1412 2622 1490 2674 (Ky
1518 2635 1601 2661 exs.
1626 2617 1774 2676 8291).

592 2798 667 2841 ΤΡ..
702 2797 774 2840 lll.
806 2796 1063 2841 DODONEAE
1100 2796 1249 2839 Benth.
1281 2802 1323 2838 31
1348 2795 1485 2838 Hook.

249 2926 395 2968 Flores
425 2925 659 2981 regulares.
691 2923 839 2966 Discus
869 2921 931 2978 (in
959 2920 1134 2977 nostris)
1169 2920 1400 2964 obsoletus.
1434 2918 1612 2962 Fructus
1632 2918 1693 2974 (in
1713 2905 1893 2961 nostris)

196 2983 431 3042 capsularis
459 2982 663 3040 septicide
692 2981 933 3026 dehiscens.
964 2979 1133 3023 Semina
1161 2977 1495 3022 exalbuminosa.
