2021 3235
1016 119 1101 163 206

215 226 289 265 see,
328 212 457 270 stylus
494 211 658 268 siliquae
690 210 794 253 latit.
832 210 1160 267 sesquilongior.
1209 210 1498 254 Cheira‘nthus
1526 212 1738 255 Parnassi
1763 213 1896 257 Boiss.

215 278 255 314 et
283 271 425 314 Ileldr.
456 270 607 325 Diagn.
637 269 726 312 Ser.
759 269 811 322 ΙΙ,
842 269 874 321 I,
905 283 945 325 p.
979 268 1047 312 18.

274 335 373 372 Hab.
398 334 437 371 in
462 333 624 380 regione
650 332 824 370 abietina
840 335 877 369 et
900 332 1032 380 alpina
1055 332 1240 370 Parnassi
1264 331 1508 383 (Guicciardi
1525 334 1566 381 1).

273 474 329 516 E.
358 470 786 525 macrostiqma
814 467 966 523 (Boiss.
988 468 1095 511 Ann.
1117 468 1182 511 Sc.
1204 469 1297 512 Nat.
1330 468 1461 517 4842,
1490 483 1530 525 p.
1554 468 1628 525 81)
1653 484 1899 524 canescens,

215 531 408 574 caulibus
449 527 778 572 ascendentibus
819 526 909 569 basi
952 526 1351 570 suffrutescentibus
1374 563 1383 579 ,
1427 527 1538 570 foliis
1564 527 1799 572 linearibus
1839 531 1901 572 vel

213 586 642 645 lineari-spathulatis
683 585 860 642 integris
895 586 957 628 vel
993 592 1155 628 remote
1193 585 1463 629 denticulatis
1496 585 1615 643 apice
1642 587 1902 631 callosisvre-

214 648 371 702 curvis,
398 644 613 703 pedicellis
642 645 783 702 calyce
811 643 901 687 basi
930 644 1047 687 valde
1076 645 1288 687 bisaccato
1316 643 1392 687 5-6
1419 645 1488 701 plo
1515 645 1801 699 brevioribus,
1831 646 1903 690 sso-

214 708 334 750 ribus
361 703 624 763 majusculis,
653 702 819 760 siliquis
846 702 1003 746 strictis
1030 702 1193 746 incanis
1219 703 1356 759 longis
1384 704 1656 760 compressis,
1687 706 1791 762 stylo
1818 706 1903 762 gla-

215 767 292 809 bro
320 765 485 822 siliquae
511 762 617 805 latit.
649 762 778 819 duplo
806 760 1009 818 longiori,
1039 762 1234 818 stigmate
1260 761 1524 805 divaricatim
1552 762 1683 806 bifido
1720 771 1782 813 26.

274 836 374 873 Hab.
399 835 438 871 in
463 845 573 882 prov.
600 832 845 880 Aderbidjan
870 829 1010 884 (Auch.
1041 843 1122 869 cxs.
1145 829 1326 879 41061).

274 894 432 943 Pedale,
458 892 590 931 caules
613 891 746 940 plures
768 891 1035 940 crassiusculi,
1061 891 1153 928 folia
1187 891 1319 929 omnia
1353 891 1438 929 basi
1471 892 1587 929 valde
1612 896 1822 942 angustata
1846 893 1900 930 in-

215 956 305 992 fima
329 951 690 1000 ovato—spathulata
715 951 869 989 caulina
893 950 1143 998 bipollicaria
1169 951 1357 998 rigidum,
1381 951 1496 989 flores
1523 963 1652 999 magn.
1684 952 1730 990 Ε.
1769 953 1899 991 Helva*

216 1015 298 1060 tici,
325 1012 520 1063 glandulae
537 1011 705 1059 placent.
731 1010 873 1048 bilobae
896 1010 998 1048 lobis
1023 1010 1196 1059 remotis,
1232 1009 1374 1059 siliqua
1397 1014 1548 1049 matura
1572 1007 1660 1064 2¹s2
1685 1013 1899 1060 pollicaris.

213 1073 380 1112 Habitus
405 1072 449 1110 E.
476 1070 722 1109 cheirantlzos
746 1070 855 1107 Pers.
882 1082 904 1106 a
929 1082 1004 1118 quo
1028 1069 1158 1107 differt
1180 1070 1282 1117 stylo
1308 1070 1440 1119 longo,
1464 1071 1512 1109 ab
1531 1083 1576 1109 eo
1603 1075 1641 1108 ct
1664 1072 1712 1110 ab
1738 1072 1781 1110 Ε.
1807 1072 1900 1110 Hel-

213 1134 334 1173 vetica
361 1136 400 1171 et
421 1131 649 1171 ochroleuco
670 1130 852 1178 stigmate
879 1129 1124 1167 divaricatim
1146 1129 1278 1166 bifido.

271 1282 327 1325 E.
354 1280 650 1324 Altaioum
679 1276 910 1333 (C.A.Mey.
941 1276 1094 1318 Enum.
1125 1274 1251 1318 Cauc.
1282 1289 1321 1331 p.
1354 1274 1457 1332 191)
1494 1274 1637 1319 virens
1663 1277 1726 1319 vel
1753 1291 1899 1322 canes-

213 1354 331 1393 cens,
368 1337 562 1382 caulibus
594 1335 958 1392 subsimplicibus,
987 1333 1098 1377 foliis
1124 1333 1442 1377 sublinearibus
1469 1333 1647 1390 integris
1675 1337 1735 1377 vel
1763 1336 1899 1380 denti-

213 1398 380 1451 culatis,
415 1397 594 1440 ssoribus
622 1393 868 1451 majusculis
895 1392 1145 1436 brevissime
1173 1392 1432 1449 pedicellatis
1459 1393 1677 1448 unguibus
1705 1396 1896 1449 exsertis,

213 1457 379 1514 siliquis
405 1455 543 1511 longis
570 1451 1075 1510 compresso-tetragonis
1102 1451 1273 1505 erectis,
1309 1453 1412 1509 stylo
1440 1451 1603 1509 siliquae
1631 1452 1736 1496 latit.
1766 1455 1899 1511 aequi-

211 1517 338 1572 longo
365 1516 430 1557 vel
455 1512 638 1556 breviori
668 1511 863 1568 stigmate
890 1511 1033 1554 bilobo
1068 1522 1125 1563 26.
1158 1510 1215 1553 Ic.
1247 1510 1403 1553 Ledeb.
1436 1510 1520 1553 tab.
1552 1510 1651 1554 347.

271 1588 372 1626 Hab.
397 1588 436 1623 in
466 1585 625 1634 regione
652 1583 785 1632 alpina
818 1583 933 1621 motis
958 1582 1127 1621 Elbours
1154 1580 1319 1620 Caucasi
1345 1583 1471 1621 occid.
1502 1583 1573 1620 alt.
1606 1580 1737 1623 8000'
1765 1585 1827 1633 (ex
1855 1583 1897 1622 O.

210 1648 395 1756 AAg-gjus
429 1703 575 1753 speciei
617 1701 832 1751 specimina
863 1700 1019 1739 Altaica
1060 1703 1208 1738 tantum
1248 1701 1350 1752 vidi3
1378 1701 1427 1739 ab
1452 1701 1497 1740 E.
1525 1702 1753 1741 cheirantho
1789 1703 1897 1741 Pers.

212 1765 439 1806 charactere
459 1761 592 1817 (nimis
616 1762 653 1799 in
671 1772 816 1810 genere
841 1759 1038 1810 variabili)
1062 1760 1334 1808 glandularum
1365 1761 1536 1809 placent.
1561 1762 1792 1800 trilobarum
1816 1766 1898 1800 tan-

210 1829 290 1864 tum
314 1821 375 1881 (et
397 1836 446 1861 an
470 1816 607 1871 satisl)
626 1821 718 1859 mihi
743 1821 898 1858 differre
921 1820 1088 1858 videtur.

270 1882 346 1922 Ar.
380 1881 541 1932 Geogr.
577 1881 721 1919 Sibiria
746 1880 902 1918 Altaica
926 1883 964 1917 et
985 1879 1239 1918 Baicalensis.

684 2030 707 2053 ἃ
740 2030 762 2052 ³⁶
795 2029 818 2051 ÷÷
851 2029 1000 2077 Siliqua
1030 2030 1168 2066 exacte
1189 2030 1412 2075 tetragona.

616 2146 646 2198 †
680 2144 948 2185 Homotricha.
971 2164 1023 2172 —
1048 2143 1123 2181 Pili
1145 2155 1281 2183 omnes
1307 2144 1494 2193 bipartiti.

267 2263 323 2305 E.
351 2259 653 2315 crassipes
688 2255 913 2314 (C.A.Mey.
954 2255 997 2297 in
1026 2253 1190 2297 Hohen.
1222 2255 1375 2297 Enum.
1415 2255 1594 2314 Talysch
1630 2272 1672 2314 p.
1703 2256 1806 2314 141)
1835 2257 1898 2300 in—

206 2333 378 2371 canum,
405 2317 658 2375 pluricaulc,
687 2315 879 2358 caulibus
908 2313 1106 2357 tenuibus
1135 2313 1301 2369 rigidis,
1322 2313 1432 2357 foliis
1459 2322 1636 2371 anguste
1664 2316 1897 2360 linearibus

206 2378 401 2434 integris,
429 2376 608 2419 floribus
640 2373 863 2417 minutulis
889 2371 1209 2426 subsessilibuS,
1239 2371 1404 2430 siliquis
1422 2373 1626 2430 pedicello
1645 2374 1897 2418 brevissimo

207 2438 267 2481 eis
294 2436 493 2494 aequilato
521 2433 703 2478 suffultis
729 2432 973 2490 patentibus
1001 2430 1151 2487 rigidis
1178 2430 1358 2484 incanis,
1389 2433 1495 2489 stylo
1517 2432 1681 2490 siliquae
1699 2433 1896 2491 aequilalo

207 2503 247 2539 et
274 2495 365 2553 ejus
392 2494 497 2537 latit.
529 2491 713 2536 breviori
742 2491 938 2548 stigmate
966 2496 1111 2532 retuso
1146 2499 1203 2542 26.

265 2567 365 2606 Hah.
391 2567 430 2603 in
453 2565 641 2614 lapidosis
671 2564 753 2601 fere
795 2564 914 2602 totius
950 2561 1141 2609 Orientis,
1172 2561 1268 2599 Asia
1292 2561 1440 2599 minore
1466 2559 1610 2615 (Auch.
1636 2575 1718 2602 exs.
1746 2556 1895 2615 156!),

207 2626 322 2665 Caria
345 2627 383 2663 in
401 2625 548 2663 Cadmo
568 2624 698 2671 (Boiss
714 2622 758 2673 Ξ),
786 2623 911 2671 Lycia
930 2622 1080 2673 (Bourg
1094 2618 1144 2672 l),
1167 2620 1418 2669 Cappadocia
1437 2617 1575 2674 (Ball),
1596 2622 1734 2662 Cilicia
1756 2624 1794 2661 in
1812 2636 1894 2662 are-

208 2687 267 2724 nis
291 2685 492 2723 maritimis
515 2677 658 2735 (Ball),
683 2682 910 2721 Antilibano
936 2678 1094 2735 (Boissl
1139 2680 1206 2729 Ky
1233 2692 1313 2719 exs.
1337 2678 1393 2720 57
1411 2678 1453 2732 l),
1480 2681 1666 2721 Armenia
1690 2683 1894 2734 (Bourgl),

207 2745 355 2784 ditione
379 2743 553 2792 Talysch
577 2735 699 2795 (Hohl
720 2738 918 2797 ),'Persia
941 2732 1213 2788 boreali(Ky!
1242 2740 1378 2789 Bunge
1394 2739 1403 2778 l
1420 2737 1450 2793 ).

266 2804 406 2843 Gaules
431 2799 563 2856 1-1¹s2
588 2801 762 2851 pedales,
786 2800 943 2839 habitus
964 2800 1010 2838 Ε.
1034 2799 1274 2838 canescentia
1297 2800 1367 2837 sed
1390 2799 1484 2837 folia
1518 2801 1748 2850 angustiora
1771 2803 1896 2850 magis

207 2876 306 2903 cana
330 2867 368 2900 et
400 2863 516 2901 flores
551 2862 806 2899 subminoreS.
833 2859 982 2908 Siliqua
1012 2855 1149 2911 1¹s2-2
1171 2859 1372 2907 pollicaris
1406 2850 1597 2898 diametro
1625 2861 1735 2900 lineae
1761 2856 1893 2914 ¹s2·²sa

207 2923 298 2961 lat-a.
326 2921 532 2960 Glandulae
555 2921 658 2969 plac.
684 2918 891 2968 bipartitae.
