2021 3235
989 162 1046 209 56

229 252 364 292 Herba
388 257 427 293 et
461 253 619 294 h'abitus
639 254 687 295 R.
710 256 969 307 philonotidis
992 257 1062 295 sed
1086 257 1203 296 fiores
1232 259 1434 307 paululum
1466 259 1663 310 minores,
1689 260 1863 309 carpella

170 315 298 351 rostro
323 314 507 353 crassiori
530 315 701 364 longiori
724 317 960 356 rectiusculo
991 329 1064 356 nec
1080 317 1266 356 inclinato
1284 318 1504 357 terminata:

239 432 300 476 Β.
343 433 787 490 lomatocarpus
821 435 885 492 (F.
917 443 959 479 et
983 436 1037 479 M.
1075 437 1166 483 Ind.
1205 436 1374 493 Petrop.
1411 451 1453 494 p.
1489 436 1562 493 36)
1595 438 1863 494 glabriuscu-

171 489 262 542 lus⁷
293 490 404 534 foliis
430 491 614 535 triscctis
640 492 893 537 inferiorum
922 494 1150 551 segmentis
1178 495 1368 538 obovatis
1395 496 1546 539 obtuse
1572 495 1716 540 incisis
1744 511 1865 553 supe-

170 547 335 591 riorum
363 549 406 591 in
433 550 610 593 lacinias
636 552 892 596 lanceolatas
919 560 1064 596 acutas
1099 553 1285 610 partitis,
1313 554 1463 610 petalis
1500 554 1690 598 obovatis
1723 556 1864 613 calyce

169 606 264 662 plus
291 608 420 665 duplo
447 608 714 664 longioribus
738 646 747 664 ,
777 612 973 668 carpellis
1000 611 1196 667 oblongis
1222 611 1338 654 disco
1367 612 1643 656 tuberculatis
1670 613 1865 669 margine

172 664 262 707 laevi
290 667 376 708 lato
412 673 535 709 acuto
569 668 719 711 cinctis
761 669 804 711 in
846 676 1033 712 rostrum
1068 670 1151 712 late
1188 670 1472 713 lanceolatum
1501 670 1562 713 eis
1598 671 1775 714 dimidio
1802 674 1866 715 vel

173 723 293 766 tertia
319 733 439 781 parte
472 725 642 769 brevius
670 727 926 770 abeuntibus
948 733 1016 779 Θ.
1047 728 1098 770 R.
1129 728 1480 785 rhynchocarpus
1497 728 1540 772 C.
1561 730 1608 772 A.
1626 730 1676 772 M.
1708 730 1860 774 Enum.

169 780 291 824 Cauc.
323 788 365 839 p.
397 783 482 826 ⁶202
513 798 599 827 non
633 798 700 828 nc.
733 786 783 828 R.
811 787 1002 829 Lorcntie'
1029 786 1203 829 Hochst.
1236 786 1279 828 in
1308 787 1403 830 Lor.
1442 788 1596 830 Wand.
1630 802 1671 844 p.
1702 787 1787 832 338
1816 803 1865 832 ex

172 839 372 898 descript.
409 842 460 885 R.
496 850 697 886 cornutus
729 859 822 887 var.
857 845 1209 902 rlzynchocarpus
1240 844 1390 903 Saulcy
1417 845 1503 889 Cat.
1537 845 1631 904 Syr.
1662 861 1704 904 p.
1737 846 1778 890 ⁶2.

232 910 331 949 Hab.
365 912 403 949 in
429 912 598 951 humidis
623 917 660 951 et
685 913 807 952 hortis
831 915 1066 962 graminosis
1090 915 1269 963 Byzantli
1295 912 1432 968 (Auch.
1461 927 1545 954 eXS.
1581 914 1639 956 29
1658 910 1704 967 !),
1730 917 1865 955 Arme-

171 970 246 1009 niae
269 972 452 1009 australis
477 972 695 1023 (Lorent.),
719 973 757 1010 in
780 974 965 1011 Imeretia
987 973 1113 1021 (Szow
1131 972 1172 1026 !),
1197 986 1309 1023 prov,
1351 974 1525 1024 Talysch
1561 976 1612 1013 ad
1654 975 1866 1014 Lenkoran

174 1027 376 1082 (O.A.M!).
403 1030 519 1079 Syria
541 1032 590 1069 ad
614 1032 896 1070 Alexandrette
934 1032 1026 1082 (Ky.
1067 1033 1203 1082 Suppl.
1227 1032 1365 1083 512»,
1400 1035 1451 1072 ad
1476 1033 1632 1082 Aleppo
1656 1035 1750 1084 (Ky.
1784 1047 1866 1074 exs.

170 1082 282 1128 249!
320 1085 536 1142 Hausskl),
564 1092 614 1129 ad
646 1092 790 1130 Aintab
830 1090 1065 1144 (Haussk!)‚
1093 1094 1199 1132 circa
1234 1094 1420 1132 Sidonem
1445 1098 1482 1131 et
1507 1094 1721 1142 Berythum
1748 1093 1822 1145 (Bl.
1852 1089 1861 1132 1

171 1142 329 1201 Gailll),
352 1151 391 1187 in
417 1151 553 1189 Persia
576 1151 738 1190 australi
763 1152 814 1189 ad
838 1152 1036 1190 Abuschir
1061 1156 1101 1190 et
1122 1153 1282 1192 Schiraz
1309 1152 1407 1204 (Ky.
1435 1165 1517 1192 exs.
1550 1152 1602 1193 51
1626 1155 1634 1191 l
1661 1152 1779 1205 451).
1807 1154 1868 1192 Fi.

172 1210 329 1247 ineunte
354 1214 490 1248 aestate
513 1215 551 1248 et
574 1222 678 1249 vere.

230 1274 276 1328 β.
314 1274 567 1330 leiocarpets.
599 1273 891 1331 Carpellorum
917 1275 1058 1318 discus
1084 1275 1216 1319 laevis.
1293 1288 1298 1291 ·

232 1344 333 1381 Hab.
358 1344 397 1380 in
418 1345 540 1392 pratis
566 1355 690 1393 prope
713 1344 985 1393 Kisilagatsch
1009 1349 1048 1383 et
1071 1346 1283 1384 Lenkoran
1307 1344 1423 1398 (Hoh.
1450 1357 1520 1384 exs
1538 1347 1546 1384 l
1563 1344 1588 1400 ).

232 1409 393 1458 Species
416 1423 439 1447 a
462 1411 699 1459 praeeedenti
725 1412 899 1460 margine
923 1413 1185 1460 carpellorum
1206 1424 1284 1450 non
1312 1413 1594 1461 angustissimo
1618 1413 1771 1451 sulcato
1798 1412 1868 1450 sed

173 1469 360 1507 alaeformi
385 1470 586 1508 dimidiam
610 1471 858 1510 latitudinem
880 1472 1041 1521 carpelli
1060 1472 1304 1521 subaequanti
1327 1473 1524 1511 distincta.

247 1606 308 1648 R.
338 1609 627 1650 cornutus
657 1605 750 1661 (nc.
783 1605 892 1664 Syst.
933 1607 967 1660 Ι,
996 1620 1037 1663 p.
1074 1605 1178 1664 300)
1207 1607 1538 1663 glabriusculus‚
1573 1605 1684 1649 soliis
1711 1605 1870 1649 infimis

175 1663 507 1707 suborbiculatis
540 1663 694 1707 trifidis
736 1664 920 1708 crenatis
960 1666 1023 1708 vel
1067 1665 1315 1722 tripartitis,
1355 1665 1519 1709 caeteris
1554 1664 1734 1708 trisectis
1776 1678 1870 1720 seg-

173 1722 327 1765 mentis
355 1722 398 1764 in
426 1722 600 1766 lacinias
628 1723 1022 1780 oblongo-lineares
1039 1724 1223 1781 partitis,
1253 1725 1395 1783 calyce
1422 1724 1572 1782 petalis
1599 1723 1788 1767 obovatis
1806 1723 1870 1766 di—

173 1781 306 1823 midio
333 1781 545 1834 breviore,
576 1783 771 1839 carpellis
788 1783 1198 1840 plano-compressis
1229 1783 1424 1840 oblongis
1451 1783 1568 1826 disco
1595 1782 1871 1825 tuberculatis

173 1840 369 1895 margine
398 1848 577 1897 anguste
620 1841 828 1884 bisulcato
871 1841 1021 1884 cinctis
1063 1841 1107 1884 in
1148 1849 1337 1886 rostrum
1375 1843 1655 1885 lanceolatum
1685 1841 1872 1898 carpello

172 1898 342 1955 longius
370 1899 489 1956 apice
517 1906 720 1942 uncatum
748 1900 977 1944 attenuatis
1008 1906 1075 1952 Θ.

230 1970 331 2008 Hab.
359 1971 397 2007 in
420 1970 535 2019 Syria
559 1966 726 2021 (habim
747 1975 772 2020 )‚
799 1972 837 2009 in
864 1972 977 2010 cultis
1008 1971 1150 2010 Libani
1175 1972 1226 2010 ad
1251 1971 1506 2010 Scanderoun
1540 1983 1659 2020 supra
1684 1970 1867 2009 Sidonem

174 2023 305 2083 (ΒΗ),
331 2030 369 2066 in
394 2031 606 2068 Palaestina
622 2032 672 2068 ad
694 2031 893 2070 Nazareth
919 2031 1093 2083 (Michon
1110 2032 1152 2083 l).
1176 2032 1237 2070 Fl.
1264 2043 1370 2069 vere.

231 2098 366 2136 Herba
391 2101 429 2135 et
452 2099 568 2137 flores
594 2099 639 2137 R.
659 2101 916 2150 philonotz'dz's
941 2101 1010 2138 sed
1036 2101 1211 2149 cai-pella
1234 2112 1319 2139 cum
1344 2105 1471 2139 rostro
1498 2098 1526 2139 4
1551 2100 1675 2138 lineas
1701 2100 1832 2149 longa,
1850 2112 1874 2137 a

168 2157 216 2196 R.
241 2158 497 2208 lomatoearpo
531 2162 659 2197 rostro
693 2161 862 2209 longiori
895 2164 934 2199 el:
971 2161 1146 2209 margine
1189 2158 1351 2209 carpelli
1391 2163 1559 2210 angusto
1596 2171 1669 2198 nec
1706 2160 1786 2198 lato
1823 2171 1873 2198 an

172 2219 268 2255 satis
292 2218 499 2257 distinctus
518 2218 536 2257 ἱ)

246 2339 307 2382 R.
348 2340 682 2384 muricatus
726 2326 798 2397 (L.
840 2339 910 2397 sp.
943 2338 1057 2397 780)
1086 2340 1422 2396 glabriusculus,
1468 2339 1579 2383 foliis
1616 2339 1873 2383 radicalihus

170 2397 296 2452 longe
323 2397 536 2455 petiolatis
565 2399 897 2443 suborbiculatis
916 2400 979 2442 vel
998 2399 1303 2443 reniformibus
1323 2398 1476 2443 trifidis
1503 2412 1650 2455 grosse
1677 2405 1872 2441 crenato-

172 2455 325 2499 lobutis
353 2456 652 2514 superioribus
688 2458 880 2501 cuneatis
906 2457 1132 2514 tripartitis
1150 2494 1159 2511 ,
1193 2458 1344 2515 petalis
1371 2457 1773 2514 obovato—oblongis
1806 2471 1872 2500 se-

171 2515 267 2571 pala
294 2529 421 2571 parce
449 2517 635 2559 setulosa
661 2517 787 2572 paulo
815 2516 1135 2573 superantibus,
1166 2517 1362 2573 carpellis
1390 2515 1587 2560 stellatim
1629 2515 1873 2573 patentibus

172 2573 310 2629 planis
346 2574 479 2617 ovatis
515 2574 709 2630 margine
743 2583 921 2631 anguste
949 2575 1158 2618 bisulcato
1187 2575 1336 2619 cinctis
1364 2575 1481 2618 disco
1509 2575 1660 2618 crebre
1689 2574 1872 2632 spinosis

171 2631 215 2673 in
243 2639 430 2675 rostrum
462 2633 693 2677 ensiforme
736 2641 900 2677 rectum
942 2635 1006 2677 vel
1047 2634 1356 2677 subincurvum
1395 2633 1457 2677 eis
1493 2633 1672 2677 dimidio
1699 2632 1872 2675 brevius

169 2690 398 2790 ἓῑῑῗηυῑηίε
435 2697 500 2743 Θ.
533 2692 590 2735 Ic.
622 2692 741 2735 Rcbb
769 2693 797 2735 f.
830 2692 960 2735 4615.
992 2693 1045 2736 R.
1079 2699 1304 2736 coronatus
1330 2692 1520 2735 Ehrenb.
1550 2692 1647 2735 Mss.
1679 2699 1721 2735 et
1746 2691 1866 2734 Hort.

199 2762 222 2791 0
249 2784 255 2788 .

227 2820 326 2857 Hab.
350 2821 494 2869 ubique
517 2821 555 2858 in
578 2820 746 2859 humidis
771 2825 809 2859 et
834 2822 882 2859 ad
906 2822 1032 2859 fossas
1056 2819 1078 2858 a
1096 2821 1249 2859 Graeoia
1267 2822 1317 2858 ad
1343 2822 1517 2859 Pei-siam
1537 2820 1683 2874 (Buhse
1698 2815 1731 2872 ἶ)
1755 2814 1866 2870 Κγὶ,

169 2879 431 2927 Babyloniam
457 2873 578 2932 (Noel
597 2878 626 2931 ),
653 2881 841 2918 Arabiam
865 2885 1049 2928 petraeam
1079 2880 1172 2927 (Ehr
1193 2873 1201 2918 l
1219 2881 1242 2927 ).
1270 2880 1329 2918 Fl.
1356 2893 1436 2918 ver.
1464 2886 1501 2919 et
1535 2884 1618 2920 aest.

229 2943 274 2997 β.
298 2942 484 2986 Groecus.
510 2943 675 3000 (Heldr.
707 2946 884 2988 etb'art.
908 2945 1025 3000 lllss.)
1054 2946 1205 2988 [lanios
1226 2944 1459 2988 abbreviati
1477 2945 1590 2989 soliis
1616 2944 1872 2988 radicalibus
