2021 3235
1042 179 1125 223 948

244 275 539 331 irregulariter
565 282 737 318 crenato
755 300 773 307 -
792 274 984 328 serratis,
1012 274 1191 318 floribus
1218 275 1261 317 in
1288 275 1528 332 paniculam
1554 283 1716 320 ovatam
1746 285 1930 322 erectam

242 334 456 391 dispositis
473 369 482 387 ,
526 334 676 391 petalis
707 333 943 377 linearibus
979 334 1118 390 sepala
1145 341 1266 377 ovato
1284 359 1301 365 -
1319 333 1503 390 oblonga
1529 335 1930 393 subsuperantibus,

241 393 383 503 gvssrgo
426 393 583 450 piloso,
627 393 804 444 samaris
846 392 1005 448 glabris
1046 393 1108 435 vel
1148 392 1434 449 pilosiusculis
1475 392 1552 436 alis
1594 394 1934 451 subdivergenti-

300 523 400 561 Hab.
428 523 466 560 in
490 523 686 561 montibus
722 535 839 571 prov.
867 521 1043 571 Talysch
1067 521 1284 571 (Buhse!),
1307 522 1460 560 Persiae
1485 523 1657 561 borealis
1682 525 1721 561 in
1758 523 1929 564 Ghilano

241 584 281 619 et
304 594 416 629 prov.
445 582 665 620 Asterabad
695 578 860 637 (Eget).
893 581 953 620 Fl.
980 581 1072 619 Mai.

297 646 342 699 β.
374 645 628 688 velutinum.
660 644 776 688 Folia
803 645 951 688 subtus
968 644 1427 688 velutino-tomentosa.
1458 645 1511 687 A.
1533 645 1775 689 velaminum
1797 647 1929 691 Boiss.

239 703 388 760 Diagn.
419 703 509 747 Ser.
539 704 574 757 Ι,
602 703 671 758 VI,
699 718 741 761 p.
773 702 843 747 28.

298 775 399 813 Hab.
439 775 477 812 in
514 774 637 823 sylvis
676 773 834 812 Ghilani
867 771 1007 826 (Aucb.
1045 785 1126 810 exs.
1152 770 1271 813 4295
1296 768 1356 811 A!
1388 772 1594 828 Buhset),
1621 775 1658 812 in
1685 775 1822 814 Persia
1846 788 1933 815 aus·

238 835 329 872 trali
354 833 432 887 (Ky
456 846 538 873 exs.
564 827 724 887 8951).

298 901 412 940 Folia
427 904 465 939 et
482 901 630 941 fructus
648 901 906 949 praecedentis
930 900 998 938 sed
1018 900 1307 939 inflorescentia
1329 900 1487 939 diversa
1506 904 1545 938 et
1560 901 1758 940 filamcnta
1775 903 1925 951 glabra.

295 1072 356 1114 A.
384 1070 720 1114 Tataricum
750 1069 813 1123 (L.
844 1068 913 1125 Sp.
946 1067 1078 1124 1495)
1114 1068 1224 1111 foliis
1251 1068 1436 1111 cordatis
1464 1069 1595 1112 ovatis
1622 1069 1802 1126 abrupte
1829 1084 1929 1113 acu-

238 1128 408 1172 minatis
436 1127 609 1172 serratis
645 1127 837 1171 indivisis
863 1127 927 1170 vel
954 1127 1135 1170 obscure
1171 1127 1337 1170 trilobis
1369 1127 1668 1171 concoloribus
1704 1128 1851 1172 subtus
1878 1129 1927 1171 ad

236 1202 387 1232 nervos
413 1187 601 1239 hirtulis,
630 1185 825 1243 panicula
851 1189 971 1229 ovata
998 1189 1155 1238 erecta,
1185 1186 1333 1242 petalis
1361 1186 1834 1243 ellipticonlanceolatis
1862 1201 1927 1230 se-

236 1248 331 1304 pala
357 1246 539 1303 elliptica
565 1245 850 1302 aequantibus,
880 1244 1108 1287 filamentis
1135 1244 1288 1287 florum
1317 1246 1606 1288 masculorum
1624 1245 1778 1289 corolla
1799 1246 1928 1303 duplo

237 1304 528 1361 longioribus,
567 1303 710 1347 ovario
748 1304 888 1356 hirto,
927 1303 1105 1346 samaris
1141 1303 1299 1359 glabris
1327 1303 1403 1347 alis
1431 1303 1575 1347 rubris
1602 1304 1927 1348 erecto-conni-

238 1363 434 1408 ventibus
460 1369 501 1416 ὅ.

297 1434 397 1473 Hah.
425 1434 464 1471 in
502 1433 664 1482 regione
688 1432 874 1470 montana
897 1431 1078 1470 Thraciae
1101 1432 1138 1469 in
1161 1432 1294 1470 Haemo
1321 1431 1502 1484 (Frivt),
1529 1432 1724 1471 Armeniae
1748 1433 1927 1471 Turcicae

238 1492 407 1544 (Tehihl
432 1493 560 1532 Aucb.
591 1504 671 1531 exs.
705 1490 824 1533 2668
842 1490 873 1544 l)
893 1524 905 1540 ,
937 1491 1121 1530 Kurdicae
1146 1493 1183 1529 in
1211 1504 1325 1540 prov.
1367 1492 1503 1531 Musch
1540 1490 1629 1543 (Ky
1650 1504 1731 1530 exs.
1754 1491 1926 1542 4262),

237 1567 348 1603 prov,
377 1551 442 1590 Cis
468 1557 506 1591 et
528 1553 951 1591 Transcaucasicarum
978 1550 1191 1603 (Ledebt),
1218 1552 1364 1590 Persiae
1394 1553 1479 1590 bor.
1507 1552 1709 1590 orientalis
1730 1552 1770 1590 in
1796 1556 1927 1591 moute

238 1614 379 1652 Elbrus
415 1612 625 1664 (Buhse!).
652 1612 711 1650 Fl.
734 1612 823 1650 Mai.

296 1680 371 1721 Ar.
405 1685 566 1730 Geogr.
600 1680 724 1729 Regio
751 1679 992 1728 Danubialis,
1016 1679 1158 1717 Rossia
1180 1679 1308 1716 media
1333 1682 1371 1718 et
1389 1679 1585 1718 australis.

292 1855 353 1898 A.
381 1854 717 1908 campestre
737 1849 810 1905 '(L.
840 1847 909 1905 Sp.
940 1846 1073 1905 1497)
1111 1847 1222 1890 soliis
1254 1847 1438 1890 cordatis
1466 1847 1683 1904 palmatim
1711 1847 1924 1905 quinque-

236 1913 341 1956 lobis
382 1912 532 1955 subtus
574 1907 872 1953 concoloribus
904 1906 1026 1949 hirtis
1054 1905 1336 1949 divisionibus
1363 1906 1541 1962 integris
1568 1906 1763 1963 oblongis
1791 1906 1924 1950 inter-

234 1971 385 2015 mediis
412 1970 563 2014 obtuse
591 1967 668 2011 2-53
695 1966 820 2016 lobis,
849 1965 1027 2008 floribus
1054 1964 1177 2007 hirtis
1204 1964 1245 2007 in
1266 1965 1494 2022 corymbos
1512 1972 1674 2008 erectos
1691 1965 1922 2022 dispositis,

234 2029 384 2087 sepalis
412 2027 606 2085 oblongis
633 2026 772 2084 petala
799 2024 976 2067 linearia
1003 2022 1305 2081 superantibus
1323 2059 1332 2077 ,
1370 2023 1597 2067 filamentis
1631 2024 1786 2067 florum
1812 2038 1924 2068 mas-

234 2089 428 2132 culorum
471 2087 673 2130 corollam
715 2083 1012 2141 aequantibus,
1055 2082 1130 2125 alis
1167 2081 1489 2125 horizontaliter
1526 2082 1846 2139 divergentibus
1881 2088 1919 2134 ὃ.

235 2147 368 2191 Rchb.
400 2147 428 2189 f.
458 2145 588 2189 4825.

290 2216 390 2255 Hab.
427 2216 465 2253 in
496 2214 699 2263 sylvaticis
729 2211 947 2250 Thessaliae
970 2211 1008 2248 in
1041 2210 1209 2259 Olympo
1234 2207 1428 2264 (Orph!)‚
1453 2210 1694 2249 Macedoniae
1718 2209 1922 2262 (Griseb.),

234 2276 425 2325 Bithyniae
450 2279 489 2312 et
510 2274 624 2313 Ponti
647 2271 783 2325 (Sibth.
812 2270 967 2309 Griseb.
993 2269 1196 2320 Tchiht),
1222 2269 1380 2308 Tauriae
1413 2274 1451 2308 et
1474 2281 1584 2319 prov,
1620 2270 1685 2308 Cis
1709 2274 1747 2308 et
1775 2270 1919 2308 Trans-

233 2336 525 2375 caucasicarum
549 2331 685 2385 (MR),
712 2343 822 2381 proxr.
850 2329 1025 2377 Talysch
1049 2328 1204 2377 (Hohen
1221 2329 1261 2379 !)‚
1288 2329 1433 2367 Persiae
1453 2330 1626 2368 borealis
1653 2330 1691 2367 in
1710 2341 1821 2378 prov,
1851 2329 1923 2367 As-

233 2395 397 2434 terabad
421 2392 516 2447 (Bge
532 2386 578 2444 l).
604 2392 664 2430 Fl.
686 2391 776 2429 Mai.

292 2459 367 2500 Ar.
400 2458 563 2510 Geogr.
596 2459 754 2507 Europa
777 2456 947 2496 borealis
971 2459 1009 2493 et
1032 2455 1171 2493 media.

289 2639 351 2682 A.
379 2632 753 2693 platanoides
782 2631 859 2688 (L.
891 2629 960 2687 Sp.
994 2628 1143 2685 1496)
1187 2628 1296 2671 loliis
1337 2626 1499 2682 glabris
1541 2625 1921 2670 subconcoloribus

232 2696 448 2753 palmatim
476 2690 777 2751 quinquelobis
805 2689 983 2731 sinubus
1012 2686 1250 2731 rotundatis
1278 2685 1557 2728 divisionibus
1574 2684 1669 2727 latis
1687 2684 1806 2742 apice
1823 2684 1922 2728 inaess

231 2755 414 2812 qualiter
448 2752 526 2796 3-5
553 2752 722 2794 dentato
739 2746 1029 2804 -cuspidatis,
1059 2745 1237 2788 floribus
1264 2744 1307 2786 in
1335 2744 1560 2801 corymbos
1590 2750 1752 2787 erectos
1778 2743 1921 2801 dispo-

232 2814 336 2866 sitis,
366 2811 515 2869 petalis
542 2805 935 2861 obovato-oblongis
963 2804 1120 2862 glabris
1139 2805 1278 2860 sepala
1298 2801 1665 2859 subaequantibus,
1694 2801 1920 2846 filamentis

231 2873 385 2916 florum
413 2869 701 2913 masculorum
729 2864 997 2920 longitudine
1026 2863 1203 2920 calycis,
1248 2862 1390 2905 ovario
1428 2861 1601 2917 glabro,
1638 2874 1815 2904 samarae
1843 2860 1920 2904 alis

231 2929 472 2974 divaricatis
499 2934 536 2979 ὅ.
570 2925 702 2972 Rchb.
737 2924 763 2967 f.
795 2921 924 2966 4828.
