2021 3235
892 161 940 204 41

138 251 321 300 Carpclla
345 255 494 290 matura
517 253 660 301 plantae
690 252 900 292 orientalis
922 265 998 292 non
1023 254 1101 292 vidi
1135 254 1204 291 sed
1236 254 1362 303 quoad
1399 254 1493 292 folia
1528 257 1566 291 et
1601 254 1755 293 charac-

81 313 184 349 teres
210 312 403 359 Europeae
428 312 563 350 similis
588 317 657 350 est.

138 376 182 430 β.
214 376 518 419 Sartorz‘anuS.
560 376 775 420 Foliorum
803 377 1053 433 partitiones
1078 377 1359 434 angustiores.
1390 376 1440 419 R.
1481 376 1759 419 Sartorianus

81 433 213 477 Boiss.
244 441 285 477 et
319 434 465 477 Heldr.
513 435 662 492 Diagn.
707 435 798 478 Ser.
845 434 885 477 2.
930 436 959 478 Ι.
1003 449 1043 492 p.
1085 435 1110 478 8
1154 436 1311 492 (quoad
1353 434 1581 491 specimina
1623 435 1759 492 Olym-

110 506 174 535 1ca
202 527 210 535 .

81 505 107 548 p
139 492 240 601 Hah.
265 564 301 600 in
327 564 484 612 pascuis
508 564 666 613 Olympi
691 564 874 602 Thessali
903 560 1052 619 (Heldr.
1078 576 1162 604 exs.
1182 565 1251 602 sub
1278 565 1320 603 R.
1348 564 1541 614 demisso).

141 630 279 668 Planta
314 631 352 668 in
386 631 518 670 Tauro
553 632 714 670 Cilicico
738 645 762 670 a
792 633 838 671 cl.
864 633 941 681 Ky.
961 634 1032 672 sub
1057 639 1101 671 n⁰
1136 632 1191 673 57
1222 633 1428 671 distributa
1463 632 1553 670 mihi
1592 632 1764 669 florifera

83 691 229 727 tantum
253 693 345 728 nota
367 702 442 727 non
470 692 626 730 differre
652 692 817 730 videtur.

141 753 221 795 Ar.
252 754 414 807 Geogr.
440 757 575 806 Alpes.
600 758 788 807 Pyrenaei.
813 758 1020 807 Apennini.

143 910 204 953 R.
246 910 647 964 brachylobus
690 909 841 964 (Boiss.
874 916 912 952 et
946 910 1055 952 Hoh.
1095 911 1242 966 Diagn.
1278 912 1367 953 Ser.
1408 911 1437 952 l.
1470 910 1572 951 Vlll.
1613 924 1652 965 p.
1698 910 1760 963 ὅ),

86 966 317 1010 rhizomate
345 967 517 1024 obliquo
543 967 705 1023 vaginis
732 968 948 1011 librillosis
974 969 1148 1021 vestito,
1179 969 1289 1011 soliis
1320 968 1477 1024 glabris
1513 967 1762 1010 subrubicu-

85 1025 179 1069 latis
205 1026 421 1083 palmatim
450 1026 673 1084 tripartitis
705 1026 1006 1084 partitionibus
1041 1027 1240 1070 brevibus
1268 1026 1455 1069 cuneatis
1490 1025 1637 1068 obtuse
1666 1026 1763 1067 ‹len-

84 1084 198 1136 tatis,
227 1085 344 1127 caule
372 1098 482 1127 nano
510 1084 712 1139 unissoro,
742 1085 938 1142 carpellis
967 1084 1263 1142 (junioribus)
1292 1085 1449 1141 glabris
1477 1090 1613 1126 rostro
1648 1082 1762 1125 brex‘i

84 1143 283 1186 uncinato
310 1143 518 1200 superatis
554 1151 615 1193 26.

144 1213 244 1251 Hab.
270 1214 308 1251 in
334 1213 499 1252 humidis
520 1214 661 1262 alpinis
686 1213 879 1252 Armeniae
896 1213 1073 1251 Turcicae
1090 1214 1139 1251 ad
1158 1212 1394 1260 Tachko'pru
1412 1209 1571 1261 (Huetl)
1591 1213 1627 1247 et
1649 1222 1765 1258 supra

84 1271 391 1311 Gumuchkhane
435 1273 601 1323 (Bourgl
619 1270 651 1326 ),
691 1274 729 1311 in
777 1274 920 1311 Persiae
959 1273 1041 1311 bor.
1084 1276 1211 1311 monte
1261 1272 1442 1309 Elamout
1490 1268 1630 1320 (Auch.
1683 1280 1763 1307 ωε.

87 1330 269 1384 40102),
296 1336 425 1370 monte
449 1333 640 1371 Totschal
666 1344 786 1381 prope
811 1333 992 1371 Teheran
1019 1333 1112 1381 (Ky.
1140 1344 1220 1369 exs.
1249 1329 1397 1382 168!).
1422 1330 1480 1367 Fl.
1507 1333 1587 1366 aest.

146 1401 326 1439 Plantula
349 1399 424 1440 2-5
449 1402 648 1450 pollicaris
669 1401 771 1439 foliis
797 1402 911 1439 diam.
935 1398 1010 1441 6-8
1036 1401 1159 1438 lineas
1184 1403 1328 1437 tantum
1363 1399 1464 1436 latis.
1490 1397 1655 1435 Fructus
1686 1406 1762 1432 ma-

86 1463 194 1498 turos
220 1472 298 1498 non
323 1461 415 1498 vidi.
439 1461 500 1498 An
527 1461 652 1499 forma
673 1473 775 1499 nana
798 1462 936 1511 glabra
961 1460 1007 1499 R.
1048 1460 1220 1499 Villarsii
1237 1460 1255 1497 ἰ)

147 1614 207 1657 R.
251 1615 587 1659 acutilobus
614 1615 792 1670 (Ledeb.
831 1614 891 1656 Fl.
924 1614 1043 1657 Ross.
1075 1615 1103 1656 l.
1137 1628 1177 1670 p.
1208 1612 1289 1669 40)
1325 1612 1522 1668 adpresse
1551 1609 1762 1656 hirsutus,

91 1671 322 1715 rhizomate
332 1707 417 1714 .....
438 1708 447 1726 ,
478 1673 588 1717 soliis
615 1673 872 1717 radicalibus
900 1673 1023 1728 longe
1050 1671 1259 1729 petiolatis
1287 1668 1531 1713 orbiculatis
1558 1667 1765 1730 quinque-

91 1730 185 1774 fidis
212 1730 255 1773 in
282 1731 457 1775 lacinias
492 1731 754 1776 acuminatas
796 1731 962 1784 incisis,
994 1730 1171 1774 caulinis
1208 1729 1319 1772 binis
1355 1729 1485 1771 altero
1521 1726 1562 1768 in
1596 1726 1766 1767 lacinias

92 1789 343 1832 lanceolatas
385 1790 733 1847 quinquepartito
774 1791 906 1833 altero
940 1789 1118 1841 lineari,
1158 1787 1310 1845 sepalis
1347 1785 1547 1843 patentim
1581 1790 1617 1826 et
1646 1784 1767 1837 longo

91 1847 253 1904 pilosis,
274 1848 469 1905 carpellis
498 1849 785 1907 (junioribus)
815 1856 954 1892 rostro
982 1847 1181 1890 uncinato
1213 1845 1422 1903 superatis
1460 1851 1519 1892 26.

150 1919 249 1957 Hab.
272 1918 310 1956 in
333 1917 508 1957 Caucaso
537 1919 692 1969 (Parrot
714 1920 754 1957 in
776 1919 886 1957 herb.
915 1918 1049 1956 Ledeb
1069 1916 1078 1956 l
1095 1915 1119 1970 ).

151 1984 283 2023 Caulis
317 1983 372 2025 15
409 1986 609 2033 pollicaris
635 1986 834 2024 uniflorus.
860 1985 973 2023 Folia
997 1984 1185 2023 radicalia
1207 1983 1308 2019 diam
1351 1980 1369 2019 1
1402 1977 1451 2031 ¹s2
1469 1977 1522 2017 -2
1553 1977 1767 2026 pollicaria.

93 2043 186 2082 Flos
212 2045 373 2094 magnit.
407 2045 454 2083 R.
481 2047 670 2084 montani.
697 2046 835 2083 Planta
871 2056 919 2082 ex
953 2045 1065 2082 unico
1107 2047 1144 2081 et
1179 2041 1414 2088 incompleto
1439 2036 1648 2087 specimine
1687 2034 1768 2070 des-

96 2103 220 2152 cripta
249 2117 272 2142 a
302 2104 346 2143 R.
383 2108 568 2143 montano
605 2109 643 2143 et
677 2105 719 2144 R.
764 2103 935 2143 Villarsc'i
971 2104 1108 2152 quibus
1141 2101 1254 2139 valde
1295 2099 1420 2137 affinis
1458 2096 1607 2135 laciniis
1641 2093 1769 2131 folior.

97 2163 214 2201 multo
238 2163 476 2203 acutioribus
498 2177 547 2203 an
569 2165 664 2203 satis
690 2163 925 2204 discedens?
952 2163 1002 2214 (V.
1029 2174 1060 2201 s.
1087 2163 1125 2199 in
1150 2160 1259 2198 herb.
1285 2154 1447 2204 Ledeb.)

391 2283 430 2312 c.
468 2270 651 2320 Carpella
689 2271 863 2320 margine
895 2270 1050 2318 obtusa,
1089 2268 1183 2306 folia
1221 2265 1360 2314 saepius
1397 2263 1554 2301 trisecta
1588 2259 1649 2295 vel
1684 2257 1770 2294 sub-

477 2332 650 2380 pinnata.

756 2439 775 2477 1
786 2468 794 2476 .
828 2438 951 2486 Calyx
974 2441 1125 2485 patens.

157 2578 216 2621 R.
246 2578 546 2622 demissus
576 2579 662 2633 (DC.
694 2577 799 2634 Syst.
831 2577 862 2618 Ι.
893 2590 934 2631 p.
965 2571 1068 2628 275)
1099 2571 1329 2613 rhizomzno
1358 2565 1546 2629 obliquo,
1575 2560 1678 2623 collo
1710 2572 1773 2598 va-

101 2634 209 2690 ginis
236 2635 452 2678 sibrillosis
478 2636 574 2692 pilis
610 2635 716 2678 albis
757 2632 971 2691 adpressis
997 2629 1156 2672 vestitis
1184 2626 1340 2673 obsito,
1376 2624 1485 2689 l'olns
1516 2618 1676 2683 glabris
1713 2617 1773 2679 rel

102 2694 279 2749 sparsim
307 2693 477 2736 hirtulis
504 2693 751 2737 orbiculatis
781 2690 959 2735 trisectis
977 2686 1204 2743 segmentis
1222 2682 1511 2746 snbpptiolatis
1539 2691 1578 2719 in
1604 2677 1773 2737 lar-unas

102 2750 248 2795 breves
275 2751 654 2808 lineari—oblongas
682 2749 993 2794 obtusinsculas
1020 2745 1206 2802 partitis,
1237 2741 1425 2804 caulibus
1452 2731 1774 2798 ascendentibus

102 2810 164 2852 vel
190 2810 542 2854 decumbentibus
569 2810 723 2866 saepius
750 2807 961 2859 unissoris,
981 2806 1117 2862 calyce
1144 2802 1406 2859 pubescenti,
1436 2793 1627 2850 carpellis
1645 2795 1773 2831 υνειῐιε

104 2867 438 2925 subcompressis
464 2876 602 2912 rostro
629 2867 828 2910 uncinato
855 2863 1103 2908 brevissimo
1130 2868 1190 2908 26.

162 2938 260 2978 Hab.
283 2940 321 2977 in
350 2940 510 2988 regione
534 2938 666 2990 alpina
690 2936 831 2975 Libani
867 2946 986 2983 supra
1011 2931 1158 2970 Gedros
1191 2928 1256 2966 alt.
1287 2918 1563 2965 8000-9000!
1604 2905 1767 2968 (Labilll
