2021 3235
933 151 989 195 29

182 244 282 281 Hab.
306 244 344 281 in
368 243 542 282 herbidis
559 244 752 283 montanis
773 244 949 296 Graeciae,
975 247 1268 296 Peloponnesus
1293 250 1444 301 (Boissl
1471 254 1605 292 Heldr!
1640 253 1747 303 Orph
1763 254 1796 307 !)

122 302 255 341 Attica
275 302 314 339 in
337 306 466 341 monte
490 303 638 340 Parnes
661 302 819 353 (Heldrl
844 303 966 353 Orph.
985 305 1043 343 Fl.
1079 306 1147 345 Gr.
1171 320 1252 347 exs,
1278 309 1365 350 255
1380 309 1422 362 !)‚
1450 323 1560 350 mons
1577 313 1702 350 AEnos
1728 314 1796 352 Ce-

122 361 315 409 phaloniae
339 359 474 413 (Heldr
488 362 539 412 l),
567 362 752 400 Parnassi
777 363 886 412 regio
921 364 1032 402 infer.
1068 365 1224 416 (Heldr.
1264 369 1383 408 Herb.
1420 370 1553 409 Norm.
1592 377 1635 408 n0
1659 370 1745 411 676
1765 365 1797 423 !)

123 423 271 458 montes
288 420 523 469 Sphaciotici
548 420 671 458 Cretae
694 421 835 471 (Heldr
852 422 889 471 l)
914 423 973 461 Fl.
997 424 1087 462 Mai.
1112 425 1206 473 Apr.

180 485 224 538 β,
255 484 528 540 yranulatus.
569 483 685 526 Folia
718 484 861 527 omnia
887 486 1183 542 pinnatiseota‚
1217 489 1343 533 flores
1376 498 1417 534 et
1456 494 1637 549 carpella
1675 496 1799 550 paulo

123 541 303 584 minora.
335 541 385 584 R.
415 542 674 598 φάηῑιίαἰῑιε
700 542 865 586 Griseb.
898 543 1006 601 Spic.
1039 546 1068 587 l.
1099 560 1139 603 p.
1171 547 1269 590 306.
1300 549 1430 592 Boiss.
1462 550 1607 607 Diagn.
1640 552 1726 595 Ser.
1756 553 1794 595 2.

125 600 188 642 VI.
225 614 266 657 p.
298 599 338 642 5.
379 600 429 643 R.
460 600 636 656 97¹(102‘l2's
669 601 768 644 Led.
800 601 859 643 Fl.
899 602 1018 646 Ross.
1052 604 1082 646 Ι.
1113 619 1153 661 p.
1195 605 1263 649 28.

179 670 279 708 Hab.
319 670 357 706 in
388 668 573 717 Bithynia
610 669 826 720 (Griseb!)‚
861 671 1039 719 Byzantii
1065 672 1324 726 (Wiedeml),
1358 676 1529 725 Phrygia
1552 677 1599 715 ad
1634 678 1797 718 Oucliak

123 727 224 778 (Bal.
260 740 340 766 exs.
383 726 497 768 1857
529 730 600 767 sub
640 729 685 767 R.
730 729 964 781 Phry9i0!)‚
1002 730 1176 771 Caucaso
1209 736 1370 773 australi
1404 734 1570 785 (Wittm.
1611 737 1648 774 in
1689 738 1796 777 herb.

123 787 317 838 Petropl)

181 855 304 892 Multa
326 855 364 892 in
395 855 660 903 descriptione
682 855 729 895 R.
751 857 914 905 gracilis
942 857 1012 895 Dc.
1037 857 1127 896 huic
1151 860 1297 907 speciei
1322 862 1557 899 conveniunt
1579 862 1648 899 sed
1672 862 1796 901 fructu

122 913 357 962 indescripto
393 926 455 952 res
484 914 603 952 dubia
642 919 839 967 remanet3
874 916 1049 964 plantam
1084 916 1231 955 Clarkii
1266 919 1304 956 in
1340 919 1531 958 herbariis
1577 932 1653 958 non
1693 922 1796 959 dete-

118 985 212 1023 gere
235 973 358 1022 potui.

174 1116 234 1160 R.
263 1117 539 1172 Illyricus
559 1115 622 1171 (L.
655 1115 724 1172 Sp.
757 1114 859 1173 776)
887 1123 1000 1160 totus
1018 1117 1449 1176 sericeo-argenteus,
1478 1122 1639 1178 grumis
1656 1130 1795 1165 ovato-

117 1174 326 1231 oblongis‚
356 1174 468 1217 soliis
494 1174 752 1217 radicalibus
779 1174 962 1218 trisectis
990 1177 1221 1232 segmentis
1238 1178 1653 1223 lineari-lanceolatis
1680 1182 1796 1223 elon-

115 1233 222 1289 gatis
246 1233 310 1275 vel
338 1232 414 1276 2-:3
449 1232 616 1289 partitis
642 1233 706 1275 vel
732 1232 873 1276 rarius
900 1233 977 1276 4-6
1010 1234 1135 1278 sectis
1169 1235 1335 1280 laciniis
1372 1237 1647 1291 abbreviatis,
1677 1240 1794 1281 caule

116 1298 256 1334 erecto
282 1291 532 1347 paucissoro,
563 1290 677 1348 spica
703 1291 888 1347 oblonga
913 1293 1108 1349 carpellis
1134 1293 1291 1349 glabris
1318 1295 1489 1352 oblique
1516 1297 1645 1339 ovatis
1662 1311 1793 1353 punc-

115 1349 257 1392 tulatis
285 1349 328 1391 in
355 1356 541 1393 rostrum
569 1356 731 1392 rectum
760 1349 1017 1394 abeuntibus
1053 1359 1089 1399 26
1105 1386 1113 1393 .
1144 1377 1202 1383 —
1228 1352 1358 1395 Rchb.
1391 1354 1418 1395 f.
1449 1353 1576 1397 4587.

171 1421 271 1458 Hab.
298 1420 335 1457 in
359 1421 503 1468 apricis
521 1420 674 1458 saxosis
699 1420 906 1467 montanis,
932 1421 1103 1460 Thracia
1123 1421 1302 1472 (Grisebl
1323 1424 1461 1474 Noel)‚
1481 1424 1672 1463 Armeniae
1689 1425 1785 1463 Tur-

113 1480 205 1518 cicae
229 1483 358 1517 monte
389 1479 606 1527 Techdagh
635 1480 702 1518 alt.
737 1477 880 1520 6000!
910 1480 1088 1532 (Huetl),
1126 1481 1232 1519 Arm.
1256 1483 1460 1528 Rossicffl,
1484 1495 1607 1532 prope
1632 1484 1791 1533 Angora

112 1536 288 1590 (Wiedl)
315 1539 353 1575 in
369 1538 630 1587 Cappadociae
655 1542 787 1578 monte
813 1539 955 1588 Argaeo
981 1540 1048 1578 alt.
1073 1537 1211 1580 5000’
1237 1542 1379 1592 (KyE),
1404 1543 1441 1579 in
1473 1541 1646 1581 Caucaso
1671 1544 1788 1592 (ΜΒ.)

110 1599 169 1636 Fl.
193 1609 299 1635 vere.

168 1650 389 1714 Specimina
409 1665 631 1703 Dalmatica
655 1669 694 1703 et
716 1665 855 1704 Italica
878 1670 1086 1705 occurrunt
1102 1667 1293 1705 interdum
1312 1667 1415 1705 foliis
1434 1668 1785 1719 subpinnatisectis‚

112 1725 233 1764 caulis
259 1723 334 1763 1-5
362 1726 484 1763 rarius
508 1723 583 1764 6-7
609 1724 740 1763 florus.

167 1782 244 1823 Ar.
279 1783 440 1833 Geogr.
468 1783 680 1822 Germania
703 1784 843 1823 orient.
875 1784 1003 1823 Italia.
1028 1785 1237 1824 Dalmatia.

169 1921 229 1963 R.
258 1930 652 1975 oxyspermus
682 1919 784 1976 (ΜΒ.
817 1918 860 1961 in
887 1918 1030 1962 Willd.
1062 1919 1131 1962 11.
1161 1934 1202 1977 p.
1233 1918 1364 1975 1328)
1392 1919 1533 1975 patule
1562 1926 1602 1962 et
1631 1919 1788 1963 dessexe

110 1978 264 2021 hirtus.
295 1978 415 2021 fibris
443 1977 703 2020 radicalibus
734 1976 997 2036 cylindricis,
1027 1977 1138 2021 foliis
1175 1977 1432 2020 radicalibus
1464 1977 1622 2020 ambitu
1660 1979 1789 2021 ovatis

109 2036 199 2079 basi
228 2036 493 2079 subcordatis
532 2037 597 2078 vel
632 2035 823 2079 cuneatis
850 2035 1074 2092 tripartitis
1100 2035 1400 2093 partitionibus
1432 2034 1575 2078 incisis
1613 2037 1676 2078 vel
1714 2037 1788 2078 ob-

109 2101 201 2137 tuse
228 2094 395 2147 lobatis‚
426 2094 544 2137 caule
562 2094 870 2147 ramosissimO,
899 2094 1014 2151 spica
1039 2101 1215 2151 anguste
1242 2094 1423 2149 oblonga
1448 2094 1641 2150 carpellis
1659 2095 1788 2137 ovatis

109 2152 266 2209 glabris
292 2166 418 2210 parce
444 2152 722 2195 tuberculatis
750 2152 793 2194 in
821 2158 1006 2194 rostrum
1027 2160 1189 2196 rectum
1214 2151 1524 2195 strictissimum
1543 2151 1602 2194 eis
1619 2151 1787 2195 brevius

110 2211 365 2254 abeuntibus
415 2218 475 2260 26.
509 2210 558 2253 R.
597 2215 874 2254 mucronalus
913 2210 1066 2253 Bertol.
1108 2211 1221 2254 Misc.
1253 2209 1321 2252 11.
1353 2223 1393 2266 p.
1425 2208 1530 2262 2024,
1560 2209 1643 2252 tab.
1674 2209 1783 2262 Vlll,

109 2269 167 2326 fig
193 2268 244 2312 21

167 2340 269 2378 Hab.
294 2340 332 2378 in
350 2339 634 2389 campestribus
665 2339 846 2379 Thraciae
871 2337 1246 2390 (Frivl),Armeniae
1277 2338 1450 2377 Rossicae
1474 2337 1641 2388 (Szowl)
1668 2338 1785 2386 Assy-

110 2399 178 2436 riae
200 2399 251 2437 ad
275 2398 514 2448 Euphratem
538 2397 738 2449 (Chesney
763 2410 844 2437 exs.
870 2396 986 2448 962),
1022 2398 1139 2436 totius
1167 2397 1329 2435 Caucasi
1354 2396 1456 2447 (ΜΒ.
1479 2397 1614 2444 Hoh!)
1645 2397 1786 2434 Persiae

111 2459 196 2496 bor.
223 2456 364 2508 (Auch.
390 2469 472 2496 exs.
495 2455 635 2498 4005!
661 2458 727 2507 Ky
761 2469 843 2496 exs.
879 2455 1007 2508 7571)
1033 2457 1091 2496 ῈἸ.
1114 2468 1220 2495 vere.

172 2522 251 2564 Ar.
275 2524 437 2575 Geogr.
460 2525 606 2565 Bossia
637 2525 765 2564 media
789 2528 830 2563 et
851 2524 1050 2564 australis.

173 2681 234 2724 R.
261 2680 574 2736 Phrygius,
599 2681 741 2737 patule
758 2681 822 2724 vel
838 2679 996 2723 deflexe
1014 2678 1220 2729 hirsutus,
1240 2676 1358 2719 fibris
1376 2674 1613 2732 cylindricis
1630 2674 1780 2738 longis,

118 2737 227 2780 foliis
253 2737 509 2781 radicalibus
527 2752 548 2781 e
575 2739 666 2781 basi
693 2741 871 2781 cuneata
897 2737 1028 2780 ovatis
1053 2735 1217 2778 trilobis
1242 2735 1306 2776 vel
1322 2733 1541 2789 tripartitis
1559 2739 1785 2796 segmentis

117 2795 207 2838 basi
240 2796 429 2838 cuneatis
456 2796 606 2840 obtuse
632 2796 776 2839 incisis
800 2796 864 2839 vel
890 2794 1057 2846 Iobatis,
1085 2793 1202 2836 caule
1221 2791 1522 2842 ramosissimo,
1543 2794 1654 2854 spicil
1674 2791 1784 2853 l'ruc-

118 2853 242 2896 tisera
274 2857 394 2896 ovata
425 2854 621 2911 cai-pellis
659 2854 790 2897 ovatis
825 2851 1101 2897 tuberculatis
1143 2850 1331 2903 margine
1370 2849 1705 2891 setoso-lursuus
1743 2860 1783 2888 ιη

119 2918 304 2955 rostrum
329 2911 618 2969 aequilongum
645 2918 809 2956 rectum
834 2911 1054 2967 divergens
1080 2908 1332 2952 abeuntibus
1367 2914 1403 2954 26
1424 2943 1427 2946 .
