2021 3235
898 85 974 129 401

100 177 330 237 cylindrico
357 177 468 220 inter
493 177 657 220 semina
682 177 870 220 obsolete
906 178 1167 233 strangulato
1194 177 1237 220 in
1265 184 1451 221 rostrum
1478 180 1782 222 comeo-subu-

99 238 229 280 latum
256 250 306 279 eo
332 235 581 291 sublongius
608 235 767 278 sensim
785 241 1017 287 attenuato,
1047 235 1296 292 siliquarum
1335 237 1625 280 terminalium
1646 246 1783 281 rostro

101 294 287 338 tenuiori
315 293 591 336 moniliformi
623 299 688 345 (D.

160 365 260 402 Hab.
286 365 324 401 in
348 363 470 412 pratis
491 363 607 401 salsis
629 363 679 400 ad
702 374 806 400 mare
830 361 1015 411 Caspium
1039 375 1160 411 prope
1180 363 1390 402 Lenkoran
1414 364 1562 414 (Fisch.
1584 366 1778 416 Hoheni).

161 430 319 479 Siliquae
344 441 429 468 cum
451 433 578 467 rostro
602 427 678 468 2-5
701 429 911 477 pollicares
935 433 1047 478 parte
1073 430 1297 468 seminifera
1320 429 1348 469 2
1369 427 1421 483 ¹s2
1447 432 1568 470 lineas
1593 432 1782 470 diametro

103 490 195 528 lata.
215 490 367 527 Praebet
384 489 589 526 transitum
612 488 799 536 optimum
824 489 925 526 inter
949 489 1162 527 sectionem
1188 490 1358 538 priorem
1385 495 1423 528 et
1445 493 1670 540 secundam,
1699 504 1788 529 nam

103 549 253 598 siliquae
276 548 480 586 inferiores
505 548 606 586 inter
629 549 780 585 semina
810 549 873 585 vix
895 548 1004 586 sulco
1029 560 1134 597 saepe
1160 550 1339 587 obsoleto
1365 554 1536 588 exaratae
1559 557 1647 589 sunt
1670 555 1708 589 et
1726 563 1786 589 su-

103 608 278 658 periores
302 608 358 646 eis
378 606 425 645 R.
450 607 691 657 raphanistrz‘
716 607 862 646 similes
888 612 976 645 sunt
999 608 1069 645 sed
1094 608 1212 657 longe
1236 611 1432 647 rostratae.

162 746 224 789 R.
256 746 712 801 raphanistrum
751 745 814 801 (L.
852 744 921 801 Sp.
952 743 1055 802 935)
1099 746 1348 801 asperulus‚
1397 746 1507 788 foliis
1548 746 1793 803 simpliciter

106 803 252 861 lyratis
278 803 455 846 summis
482 803 943 859 oblongo-linearibuS,
973 803 1150 846 floribus
1178 803 1332 860 pallide
1361 804 1538 848 lilaeinis
1557 807 1618 847 vol
1636 806 1797 849 flavidis

106 861 288 915 venosis,
318 861 494 905 siliculae
521 861 700 905 articulo
728 862 939 919 superiori
968 862 1247 905 moniliformi
1276 863 1472 906 lomentis
1491 863 1564 907 3-8
1583 866 1799 920 angulato-

107 920 294 974 costatis,
323 921 429 977 stylo
457 920 655 963 subulato
692 922 926 963 lomentum
956 920 1153 977 superius
1179 920 1258 964 3-4
1284 922 1354 977 plo
1381 922 1597 978 superanti
1625 929 1690 974 Θ.
1723 923 1802 965 Ra-

103 979 387 1036 pham'strum
411 984 597 1036 segetum
626 979 760 1022 Rchb.
793 979 864 1035 fig.
894 978 1024 1021 4172.

167 1041 268 1080 Hab.
293 1042 437 1090 ubique
462 1042 499 1078 in
524 1041 639 1079 cultis
659 1054 681 1078 a
711 1041 866 1080 Graecia
889 1042 939 1079 ad
969 1041 1123 1090 Syriam
1147 1038 1282 1095 (Boiss
1300 1041 1308 1080 Ξ
1324 1053 1353 1094 ).

166 1106 212 1160 β.
245 1104 515 1161 brevistylus.
548 1104 756 1159 Pumilus,
786 1106 914 1163 stylus
940 1106 1129 1149 lomento
1156 1105 1369 1163 superiori
1387 1106 1454 1149 vix
1472 1107 1601 1164 duplo
1619 1108 1799 1163 longior.

113 1163 164 1207 R.
200 1161 440 1207 Odessanus
468 1163 624 1206 Andrz.
655 1163 696 1206 in
724 1164 875 1207 Besser
901 1164 1068 1207 Enum?

170 1236 269 1274 Hab.
296 1235 335 1272 in
360 1235 491 1273 littora
520 1235 665 1273 Euxini
689 1236 794 1274 circa
817 1235 1106 1284 Trapezuntem
1133 1235 1253 1286 (Huet
1271 1228 1319 1286 l).

169 1295 347 1333 Varietas
370 1306 394 1332 a
415 1293 459 1332 R.
483 1294 643 1334 Landrd
665 1295 844 1333 lomentis
868 1295 1044 1342 globosis
1062 1307 1138 1333 non
1162 1296 1458 1344 confluentibus,
1486 1308 1509 1334 a
1533 1295 1576 1335 R.
1603 1297 1804 1335 maritimo

113 1354 276 1393 floribus
300 1354 459 1391 venosis
484 1355 680 1393 distincta.

172 1410 249 1451 Ar.
281 1416 443 1463 Geogr.
479 1413 639 1467 Europa
663 1413 801 1452 omnis.

115 1546 238 1592 SEc'r.
276 1548 348 1591 ΙΙΙ.
400 1548 756 1593 HESPERIDOPSIS.
800 1575 857 1579 ——
899 1548 1081 1606 Siliquae
1109 1550 1325 1594 articulus
1356 1551 1539 1607 inferior
1573 1552 1662 1607 fere
1692 1553 1807 1595 obso-

466 1608 594 1661 letas,
628 1608 823 1665 superior
856 1613 960 1651 teres
1001 1609 1458 1664 cylindricc-clavatas
1499 1610 1728 1652 continuus
1760 1611 1807 1653 in

466 1667 650 1710 [omenta
691 1667 868 1723 difficile
900 1667 1075 1724 ruptilz‘s
1115 1669 1364 1725 sponyiosus
1398 1668 1557 1711 locellis
1590 1669 1807 1712 tmz'seria-

467 1725 580 1768 libas
611 1726 932 1783 monospermis.
968 1725 1145 1769 Semina
1175 1727 1368 1785 oblonqa.

174 1849 235 1892 R.
262 1850 517 1894 Aucheri
559 1850 711 1908 (Boiss.
757 1850 905 1907 Diagn.
936 1849 1027 1893 Ser.
1058 1850 1092 1903 1,
1120 1850 1230 1903 VIII,
1260 1864 1303 1907 p,
1331 1850 1424 1905 45),
1473 1851 1568 1908 pilis
1610 1851 1807 1895 retrorsis

116 1921 256 1964 asper,
286 1908 395 1952 foliis
427 1908 916 1967 lyrato-pinnatipartitis
951 1908 1090 1953 rarius
1127 1908 1318 1952 indivisis
1352 1910 1530 1954 summis
1556 1910 1806 1964 linearibus,

116 1964 294 2010 floribus
335 1967 578 2024 sulphureis
618 1982 703 2012 non
744 1967 928 2021 venosis,
971 1967 1134 2025 siliquis
1161 1981 1184 2011 e
1216 1967 1421 2024 pedicello
1457 1969 1574 2012 brevi
1616 1975 1809 2012 contorto

116 2025 313 2081 pendulis
342 2032 579 2069 retrorsum
606 2026 797 2082 strigosis
824 2041 847 2070 a
873 2026 964 2070 basi
991 2025 1178 2069 tenuiori
1202 2040 1372 2070 sursum
1390 2027 1652 2081 incrassatis,
1672 2033 1810 2070 rostro

116 2082 247 2185 bregi8
275 2083 521 2127 indistincto
552 2090 617 2137 Θ.
662 2085 863 2128 Brassica
890 2085 1077 2128 Aucheri
1118 2084 1250 2128 Boiss.
1286 2086 1395 2129 Ann.
1438 2085 1503 2129 Sc.
1531 2086 1635 2130 Nat,
1676 2084 1807 2139 1842,

118 2154 160 2197 p.
253 2176 262 2184 .
509 2155 516 2160 ·

179 2212 280 2252 Hab.
316 2213 420 2254 circa
458 2214 641 2252 Sidonem
682 2209 895 2267 (Blanchel
912 2216 938 2264 )‚
965 2213 1005 2251 in
1028 2213 1255 2254 Antilibano
1282 2215 1382 2253 inter
1414 2215 1623 2264 Rasoheya
1649 2218 1686 2253 et
1710 2215 1808 2252 Has-

119 2271 223 2320 beya
245 2270 424 2325 (Gailll),
458 2273 564 2312 circa
588 2274 736 2312 Mossul
759 2273 934 2322 Assyriae
955 2272 1097 2323 (Auch.
1123 2286 1204 2313 exs.
1229 2266 1364 2325 2051)
1383 2306 1392 2323 ,
1417 2275 1455 2312 in
1479 2275 1620 2313 Persia
1648 2274 1810 2312 australi

119 2330 221 2369 inter
243 2332 407 2371 Dalechi
433 2337 470 2370 et
493 2331 596 2371 Gere
623 2330 719 2387 (Ky.
746 2345 827 2371 exs.
854 2331 997 2384 1052).

180 2391 318 2430 Facies
335 2395 374 2430 et
393 2391 509 2430 flores
526 2391 740 2443 Sinapidis,
767 2393 917 2442 siliquae
942 2392 1164 2442 Hesperidis
1183 2393 1360 2443 pendulae
1384 2393 1454 2431 sed
1480 2392 1650 2442 majores
1671 2392 1811 2440 tripol-

121 2449 262 2489 linares
280 2462 447 2500 superne
475 2449 565 2506 1³]⁴
595 2452 719 2490 lineas
754 2452 945 2490 diametro
971 2453 1073 2491 latae.

832 2599 1116 2648 FORTUYNIA

378 2679 541 2741 (Shuttl.
574 2681 614 2729 in
648 2680 777 2729 Boiss.
813 2681 913 2729 Ami.
946 2681 1012 2730 Sc.
1058 2681 1147 2729 Nat.
1182 2678 1322 2737 1841,
1360 2694 1399 2741 p.
1435 2678 1552 2740 379).

180 2808 304 2867 Calyx
338 2809 528 2866 aequalis.
572 2810 710 2853 Petala
746 2810 925 2854 linearia
951 2810 1132 2867 integra.
1173 2808 1408 2852 Filamenta
1435 2807 1570 2851 libera
1596 2808 1808 2852 edentula.

1581 2899 1628 2936 26
