2021 3235
940 133 1024 176 479

199 227 370 276 Pedale,
401 226 496 265 folia
525 226 605 265 fere
633 226 710 266 Sis.
745 223 918 275 Lemni,
950 231 1095 267 racemi
1128 230 1314 269 fructiferi
1350 233 1544 281 elongati,
1571 235 1711 283 siliqua
1733 235 1809 277 5-7

138 286 205 323 lin.
240 287 359 334 longa
396 281 494 340 ¹1¹]⁴
531 287 622 323 lata.
655 287 781 324 Affine
818 287 865 326 N.
901 287 1036 325 Indico
1072 288 1174 326 foliis
1200 290 1361 335 integris
1402 293 1461 328 vel
1490 293 1650 340 Iobatis,
1680 297 1818 341 petalis

139 345 253 382 nullis
278 346 339 382 vel
364 346 538 392 calycem
564 356 641 383 non
667 346 957 395 excedentibus,
987 348 1198 386 seminibus
1215 349 1264 386 ob
1290 350 1503 388 radiculam
1526 350 1733 390 discretam
1759 367 1814 391 re-

139 403 365 441 niformibus
389 404 587 442 distincto.

196 467 272 507 Ar.
310 474 470 519 Geogr.
504 470 633 509 Nubia
658 468 832 522 (Kralikl
857 470 939 516 Ky.
968 469 1019 519 pl.
1046 472 1209 511 Nubicae
1235 484 1316 510 cxs.
1343 467 1500 524 5241).

139 623 259 667 SECT.
298 625 348 666 Il.
386 624 707 668 BRACHYLOBOS.
748 637 815 667 Dc.
847 623 990 724 Fllores
1027 625 1144 667 lutei.
1192 625 1419 669 Glamlulw
1456 628 1729 683 placenturiw
1770 630 1813 679 sa,

836 697 885 726 va
910 697 1028 725 vafres
1069 685 1112 726 2

267 806 286 862 ξ
319 805 333 848 Ι
367 807 648 850 Heliobia.
676 831 732 835 —
758 805 985 862 Aquarum
1014 806 1075 849 vel
1105 806 1292 849 locorum
1319 810 1501 851 aflorum
1532 811 1687 853 iucolw.

600 923 623 946 ἃ
657 924 793 962 Petala
817 925 993 973 calycem
1019 936 1094 962 non
1119 926 1355 973 superantia.

193 1045 254 1087 N.
282 1045 551 1100 palustre
579 1044 719 1101 (Lcys.
752 1044 851 1086 Bad.
884 1052 931 1086 n⁰
958 1044 1042 1088 679
1071 1046 1149 1087 sub
1177 1045 1450 1101 Sisymbrio)‚
1481 1049 1599 1090 caule
1628 1063 1815 1103 ramoso,

137 1102 245 1145 soliis
272 1102 546 1145 inferioribus
573 1102 740 1160 lyralis,
778 1102 1072 1159 superioribus
1100 1104 1188 1146 basi
1218 1104 1463 1148 auriculalis
1492 1106 1820 1163 pinnuliparlitis

136 1159 300 1203 laciniis
327 1160 520 1216 oblongis
548 1161 745 1213 dentatis,
777 1160 951 1203 siliculis
978 1161 1184 1217 pedioello
1212 1164 1355 1218 patulo
1382 1164 1446 1205 vix
1465 1164 1731 1207 brevioribus
1748 1166 1820 1208 ob-

134 1218 270 1273 longis
298 1219 477 1274 turgidis
504 1220 611 1276 stylo
638 1218 888 1261 brevissimo
915 1220 1176 1272 mucronatis
1202 1220 1329 1263 valvis
1357 1222 1556 1276 encrviis,
1586 1223 1820 1267 seminibus

136 1276 214 1318 sub
242 1277 351 1319 lente
379 1276 634 1334 punctulatis
661 1278 732 1332 Θ.
764 1276 817 1319 Ν.
848 1277 1042 1333 palustre
1068 1291 1136 1321 DC.
1168 1278 1271 1335 Sysl.
1305 1278 1359 1332 ΙΙ,
1388 1294 1429 1336 p.
1461 1280 1559 1323 1191.
1593 1281 1648 1324 Ic.
1680 1282 1813 1324 Rchb.

134 1333 206 1389 fig.
236 1333 366 1377 4362.
411 1335 463 1378 N.
496 1341 693 1379 terrestre
719 1335 767 1377 R.
799 1334 869 1377 Br.
899 1336 979 1378 loc.
1010 1335 1080 1378 cit.
1112 1350 1153 1392 p.
1185 1336 1284 1379 ΜΟ.
1327 1337 1486 1394 Βονιῖρα
1513 1341 1818 1382 nasturtioidcs

133 1390 284 1494 Spacgi.
314 1393 415 1449 Veg.
448 1393 579 1438 Phan.
608 1393 678 1446 VI,
698 1407 739 1450 p.
761 1391 861 1436 506.
892 1392 1185 1449 Sisymbrium
1212 1395 1581 1452 barbareoesblc'zma
1607 1397 1694 1440 Del.
1721 1398 1812 1454 AEg.

189 1520 290 1558 Hab.
331 1519 369 1556 in
409 1519 577 1558 humidis
612 1520 808 1558 Armeniae
844 1522 882 1558 et
918 1533 1029 1570 prOV.
1070 1518 1376 1561 Caucasicarum
1412 1523 1560 1574 (Szowl
1593 1518 1812 1575 Hohenl),

131 1577 298 1628 AEgypti
320 1579 516 1617 inferioris
540 1579 671 1626 (Siebl
696 1576 887 1631 Hussonl)
915 1585 952 1618 et
976 1582 1089 1628 prob.
1116 1582 1154 1618 in
1180 1582 1310 1619 multis
1335 1583 1422 1620 aliis
1446 1583 1546 1621 locis
1570 1584 1741 1622 ditionis.

188 1642 263 1683 Ar.
297 1649 455 1694 Geogr.
490 1645 748 1694 Hemisphaer.
773 1646 857 1683 bor.
887 1648 1156 1696 temperatum,
1182 1647 1363 1686 America
1386 1649 1664 1699 meridionalis,
1690 1649 1806 1687 Nova

129 1704 328 1742 Zelandia.

650 1827 674 1848 ÷÷
706 1827 730 1848 ἅ
762 1828 899 1866 Petala
923 1828 1060 1876 calyce
1085 1828 1279 1877 longiora.

449 1933 480 1985 †
509 1934 624 1972 Folia
647 1934 775 1972 omnia
799 1933 989 1982 pinnatim
1012 1935 1074 1972 vel
1097 1934 1330 1983 bipinnatim
1360 1939 1480 1974 secta.

184 2055 246 2097 N.
276 2055 572 2109 sylvestre
605 2054 665 2109 (L.
697 2053 765 2110 Sp.
797 2053 882 2097 916
909 2054 988 2097 sub
1015 2054 1288 2111 Sisymbffo),
1319 2055 1459 2098 radice
1488 2056 1676 2112 repenti,
1705 2069 1805 2099 cau-

126 2111 236 2155 libus
272 2112 477 2166 ramosis,
521 2111 632 2155 foliis
668 2112 876 2169 pinnalim
913 2113 1036 2156 seclis
1072 2113 1217 2156 fidisve
1250 2114 1480 2169 segmentis
1516 2114 1709 2170 oblongis
1742 2115 1806 2157 vel

124 2169 367 2213 lanceolatis
394 2170 576 2213 dentatis
602 2171 666 2213 vel
692 2170 978 2227 pinnafflfidis,
1015 2171 1085 2214 fol.
1118 2171 1388 2228 superiorum
1416 2185 1525 2228 saepe
1552 2172 1802 2224 linearibus,

125 2227 288 2285 siliquis
313 2228 546 2272 linearibus
572 2229 777 2285 pedicello
803 2228 1056 2286 aequilongis
1082 2230 1146 2272 vel
1173 2229 1433 2285 longioribus
1467 2244 1490 2272 a
1525 2231 1651 2273 dorso
1687 2243 1803 2273 com-

123 2286 280 2341 pressis
315 2287 421 2345 stylo
456 2286 707 2330 brevissimo
743 2287 868 2330 valvis
905 2287 1221 2330 subuninerviis
1243 2324 1252 2341 ‚
1297 2287 1531 2331 seminibus
1572 2288 1650 2331 sub
1690 2289 1802 2331 lente

124 2344 330 2400 asperulis
366 2352 427 2394 26.
467 2344 521 2389 N.
551 2345 752 2401 sylvestre
779 2345 827 2388 R.
858 2345 928 2388 Br.
959 2346 1039 2388 loc.
1070 2345 1140 2389 cit.
1171 2360 1211 2403 p.
1235 2345 1333 2389 110.
1367 2346 1420 2388 Ic.
1453 2346 1585 2388 Rchb.
1614 2346 1642 2388 s.
1668 2344 1798 2389 4368.

179 2415 282 2454 Hab.
310 2416 360 2453 ad
392 2416 540 2454 rivulos
564 2420 603 2454 et
625 2417 664 2454 in
689 2417 812 2464 pratis
845 2416 1014 2455 humidis
1049 2417 1218 2466 regionis
1250 2417 1390 2465 alpinae
1408 2417 1590 2454 Parnassi
1610 2417 1746 2465 (Heldr
1756 2417 1799 2467 1),

122 2473 358 2513 Macedoniae
394 2478 433 2513 et
462 2474 643 2513 Thraoiae
674 2469 804 2525 (Frivl
842 2474 1043 2529 Heldr!)‚
1078 2475 1204 2514 Cretae
1228 2468 1463 2531 (Raulin!)‚
1498 2475 1602 2513 Asiae
1641 2475 1800 2513 minoris

121 2536 220 2581 sept.
244 2528 390 2589 (Auch.
415 2546 497 2572 exs.
523 2530 631 2574 1591
666 2532 852 2586 Wiedl),
872 2534 994 2583 Syriae
1018 2535 1057 2572 in
1084 2535 1234 2574 Libano
1253 2535 1316 2586 (Bl
1333 2533 1379 2586 l),
1406 2534 1562 2572 Tauriae
1586 2533 1738 2584 (Stev.).

177 2596 221 2650 β.
255 2595 458 2639 rivulare.
505 2596 635 2640 Koch.
667 2595 764 2654 Syn.
800 2610 840 2653 p.
872 2594 943 2640 38.
988 2595 1157 2654 Siliquae
1200 2597 1404 2653 elongatae
1444 2596 1647 2652 pedicello
1686 2609 1797 2651 saepe

121 2653 248 2710 duplo
274 2654 505 2709 longiores,
535 2654 700 2697 semina
725 2656 851 2711 paulo
877 2654 1055 2711 majora.
1095 2656 1148 2698 N.
1180 2656 1370 2698 rz'vzclare
1398 2653 1531 2696 Rchb.
1562 2654 1632 2709 fig.
1663 2653 1793 2696 4365.

121 2710 174 2753 N.
204 2712 594 2768 erythrospermum
630 2712 761 2755 Boiss.
798 2712 842 2755 in
875 2713 986 2755 Huet
1012 2713 1068 2769 pl.
1098 2714 1215 2756 Arm.
1246 2727 1331 2755 exs.

179 2769 320 2813 Flores
347 2769 554 2813 intensius
581 2770 833 2814 aurantiaci.

177 2839 276 2877 Hab.
303 2839 341 2876 in
365 2839 551 2878 Armenia
568 2839 739 2878 Turcica
762 2839 902 2890 (Huetl
924 2836 1114 2891 Bourgt).

177 2903 253 2945 Ar.
286 2910 445 2956 Geogr.
471 2906 632 2956 Europa
652 2908 735 2946 bor.
762 2911 801 2946 et
821 2905 962 2945 media.
986 2905 1084 2945 Asia
1106 2906 1287 2946 borealis.
