2021 3235
977 52 1062 97 800

246 157 344 195 Hab.
373 157 409 194 in
433 155 580 193 ditione
604 153 760 191 Kassan
783 149 884 198 Oglu
911 148 1057 187 Ciliciae
1094 145 1279 185 Kurdicae
1307 141 1390 199 (Ky
1414 154 1495 182 exe.
1533 139 1684 192 1552),
1720 142 1756 180 in
1794 141 1866 179 Ar-

187 217 312 254 menia
336 216 384 252 ad
409 215 575 252 Baibout
600 217 637 250 et
654 216 783 249 monte
806 207 1022 256 Techdagh
1048 206 1187 259 (Huetl
1211 202 1371 252 Bourg!
1396 215 1481 243 exs.
1509 205 1580 241 sub
1620 201 1669 241 IL
1710 201 1868 241 helian-

188 275 403 324 themoide).

247 339 286 383 ὃ.
320 335 625 393 lythrisblium.
672 331 786 374 Folia
814 336 992 386 angusta
1017 341 1104 370 var.
1138 348 1189 378 α,
1229 326 1369 382 sepala
1396 325 1580 382 oblonga
1606 324 1869 368 acutiuscula

189 398 251 439 vel
278 403 396 439 ovata
423 394 595 444 obtusa,
628 390 731 433 rami
760 388 922 432 steriles
949 388 1078 429 dense
1107 392 1146 428 et
1171 384 1430 427 imbricatim
1457 391 1504 427 ut
1529 384 1572 426 in
1600 383 1657 426 H.
1686 384 1871 439 conferto

191 454 341 498 foliosi.
381 452 519 494 Petala
546 452 684 507 calyce
711 448 737 490 4
756 473 772 478 -
792 446 817 488 5
844 447 911 502 plo
924 439 1113 500 'majora
1147 443 1202 485 H.
1235 443 1530 498 lytlzrz‘solz'um
1557 442 1689 485 Boiss.
1731 441 1774 484 in
1812 441 1870 499 Ky

191 528 276 557 exs.

249 584 348 621 Hab.
374 583 412 619 in
436 581 596 627 regione
621 577 750 625 alpina
773 576 893 613 Tauri
918 573 1064 612 Cilicici
1091 573 1139 610 ad
1163 571 1368 620 Gisyltepe
1393 578 1431 610 et
1455 573 1491 609 in
1523 572 1672 610 ditione
1693 571 1873 609 Kassan-

191 643 280 691 oglu
305 641 446 680 Ciliciae
473 638 552 690 (Ky
578 649 659 674 exs.
687 633 772 675 110
797 632 841 673 c!
880 637 919 671 et
942 631 993 672 91
1017 635 1024 669 !
1049 633 1119 670 sub
1149 631 1196 669 H.
1221 629 1370 683 Lydio).

247 725 278 749 ε.
309 700 695 757 microcalycz‘num.
727 697 844 741 Folia
871 702 910 739 et
937 693 1089 738 ramuli
1117 693 1281 737 steriles
1308 707 1394 737 var.
1427 694 1452 738 ὃ
1479 693 1551 736 sed
1578 692 1706 736 flores
1733 692 1871 736 mino-

192 777 275 816 res,
304 761 443 818 sepala
469 765 588 802 ovata
615 758 765 800 obtusa
792 756 921 798 dense
948 752 1212 810 glandulosa.
1250 752 1303 794 H.
1334 751 1712 808 messcrocalycimtm
1737 752 1869 795 Boiss.

191 822 337 876 Diagn.
366 819 455 862 Ser.
491 817 522 870 1,
551 816 660 868 Vlll,
690 830 734 872 p.
763 813 861 857 4113.

248 892 347 929 Hab.
373 891 410 927 in
438 887 638 936 Lycaonia
663 887 712 923 ad
735 885 885 923 Kuralu
913 883 1049 935 (Heldr
1065 884 1108 930 !).

249 962 284 1008 ζ.
320 952 679 1010 Tymplzresteum.
709 948 929 1000 Glaucum,
951 945 1049 989 folia
1075 945 1280 989 inferiora
1296 944 1363 987 vix
1379 945 1587 999 revoluta,
1608 944 1873 988 ramulorum

191 1013 395 1057 sterilium
424 1010 612 1053 conferta
638 1007 877 1058 convoluta,
906 1006 1045 1062 sepala
1074 1004 1396 1059 ovato-oblonga
1424 1003 1703 1047 acutiuscula.
1735 1003 1875 1046 Petala

191 1073 327 1130 calyce
355 1069 541 1125 sextuplo
570 1066 762 1122 longiora
791 1063 895 1121 (7-8
924 1064 1054 1106 lineas
1081 1063 1241 1119 longa).
1272 1063 1326 1104 Η.
1363 1062 1712 1119 Tymphresteum
1739 1062 1869 1105 Boiss.

191 1131 338 1186 Diagn.
370 1128 458 1172 Ser.
492 1127 524 1179 l,
555 1126 587 1178 l,
617 1139 656 1181 p.
688 1123 759 1171 57.

250 1202 352 1238 Hab.
377 1200 414 1236 in
440 1202 570 1235 monte
595 1195 859 1244 Tymphresto
883 1191 1082 1243 (Veluchi)
1107 1190 1268 1230 Graeciae
1293 1190 1436 1243 (Sprun
1451 1194 1491 1241 1).

251 1268 393 1306 Forma
418 1264 656 1316 grandiflora
685 1264 845 1311 elegans
869 1261 917 1300 H.
951 1259 1199 1310 hyssopisolio
1237 1270 1320 1298 var.
1355 1260 1581 1309 callithyrso
1606 1271 1653 1298 ex
1687 1259 1878 1308 Hispania

193 1327 331 1367 similis
355 1326 422 1364 sed
447 1324 582 1373 sepala
604 1323 772 1360 diversa.

249 1391 324 1432 Ar.
355 1391 516 1442 Geogr.
542 1390 701 1438 Europa
725 1388 921 1437 australis,
947 1386 1090 1425 Sibiria
1114 1387 1281 1426 Altaica.

251 1549 315 1592 H.
347 1544 753 1597 callianthum‚
795 1541 990 1598 glabrum
1025 1542 1317 1597 glaucescens,
1361 1541 1554 1584 caulibus
1590 1538 1877 1583 mediocribus

195 1606 383 1651 elevatim
426 1602 636 1647 bilineatis
678 1601 958 1658 simplicibus,
1000 1599 1111 1643 foliis
1152 1600 1440 1644 subcoriaceis
1481 1598 1701 1643 sessilibus
1741 1596 1878 1654 planis

193 1679 319 1724 parce
346 1662 555 1721 pellucido
583 1668 624 1704 et
648 1660 770 1717 nigro
788 1684 806 1691 -
825 1658 1035 1716 punctatis
1062 1659 1257 1715 oblongis
1283 1659 1446 1702 obtusis
1475 1657 1770 1716 superioribus
1802 1656 1878 1698 ob-

194 1721 587 1780 longo-linearibus,
617 1719 748 1777 cymis
776 1717 1044 1774 paniculatiS‚
1072 1717 1255 1761 bracteis
1271 1717 1526 1771 linearibus,
1545 1715 1699 1774 calycis
1722 1714 1879 1758 corona

195 1782 416 1840 quintuplo
443 1777 647 1822 brevioris
674 1776 837 1820 laciniis
864 1775 1109 1819 lanceolatis
1140 1775 1396 1819 acutissimis
1422 1772 1881 1832 glanduloso-denticu-

195 1841 305 1895 latis,
334 1838 464 1883 ovarii
491 1836 639 1881 loculis
665 1834 800 1878 20-25
828 1834 1004 1878 ovulatis
1038 1840 1095 1881 26.
1127 1835 1182 1877 H.
1205 1834 1545 1891 lysimachioides
1572 1832 1705 1877 Boiss.
1725 1831 1875 1887 Diagn.

197 1898 286 1942 Ser.
319 1899 350 1951 1,
380 1898 431 1950 ΙΙ,
460 1911 500 1953 p.
533 1894 617 1938 106
644 1908 729 1937 non
757 1893 878 1936 Wall.

254 1966 353 2005 Hab.
378 1967 415 2004 in
441 1966 657 2012 subalpinis
679 1964 943 2001 Kurdistaniae
967 1963 1134 2000 Persicae
1164 1974 1286 2011 prope
1309 1963 1477 2000 Mendeli
1505 1962 1607 2012 (Noe
1623 1961 1665 2011 1).

255 2035 410 2083 Pedale‚
437 2033 530 2070 folia
553 2029 689 2070 12-15
726 2032 791 2068 lin.
818 2031 937 2078 longa
960 2028 1038 2069 5-4
1069 2031 1169 2077 lata,
1197 2030 1379 2078 panicula
1401 2028 1431 2069 4
1457 2029 1670 2078 pollicaris.
1697 2028 1836 2066 Differt
1859 2040 1883 2065 a

197 2094 328 2133 formis
351 2092 594 2142 grandifloris
619 2091 875 2139 praecedentis
899 2090 1004 2127 foliis
1029 2089 1358 2138 nigropunctatis
1384 2089 1563 2127 omnibus
1581 2088 1724 2137 planis,
1748 2087 1881 2125 axillis

197 2154 276 2192 fere
294 2165 366 2190 non
390 2151 594 2189 ramulosis
616 2154 654 2188 et
674 2149 891 2198 praesertim
918 2148 1054 2187 ovario
1078 2148 1368 2196 pauciovulato.

253 2310 317 2352 H.
349 2306 694 2364 asperulum
726 2304 869 2363 (Jaub.
901 2310 942 2346 et
968 2302 1036 2359 Sp.
1069 2302 1224 2345 Illustr.
1256 2302 1314 2345 Pl.
1344 2301 1416 2346 Or.
1447 2301 1481 2356 1,
1509 2315 1550 2358 p.
1581 2299 1655 2358 60)
1683 2301 1879 2356 glabrum

195 2367 490 2422 glaucesccns,
519 2364 711 2408 caulibus
739 2361 1029 2406 mediocribus
1056 2360 1286 2414 teretibus,
1315 2360 1426 2403 soliis
1453 2358 1753 2403 subsessilibus
1781 2359 1881 2402 sub-

197 2424 398 2468 coriaceis
427 2423 633 2481 pellucido
661 2429 699 2465 et
726 2419 1087 2478 nigro-punctatis
1114 2418 1487 2475 lineari-oblongis
1513 2417 1707 2474 margine
1733 2431 1880 2460 eroso-

197 2483 419 2539 asperulis,
449 2481 580 2539 cymis
608 2480 876 2537 paniculatis‚
905 2477 1088 2521 bracteis
1114 2477 1487 2534 lineari-oblongis
1513 2476 1677 2520 obtusis
1695 2511 1705 2530 ,
1733 2475 1885 2533 calycis

198 2542 351 2584 corolla
379 2540 614 2597 quadruplo
642 2537 850 2581 brevioris
877 2536 1040 2580 laciniis
1068 2535 1262 2593 oblongis
1288 2537 1353 2579 vel
1379 2535 1568 2579 obovatis
1589 2534 1752 2578 obtusis
1771 2535 1886 2590 glan-

198 2599 306 2642 dulis
334 2598 547 2642 sessilibus
575 2597 847 2652 marginatiS,
885 2595 1016 2638 ovarii
1044 2594 1192 2637 loculis
1220 2593 1379 2637 20-25
1406 2593 1586 2637 ovulatis
1622 2600 1683 2642 26.
1728 2593 1783 2636 H.
1805 2592 1884 2635 Lo-

197 2659 327 2700 rentii
354 2657 524 2700 Hochst.
555 2656 598 2698 in
625 2655 778 2698 Lorent
805 2654 958 2697 Wand.
989 2667 1030 2709 p.
1061 2651 1146 2695 342
1173 2666 1222 2696 ex
1248 2652 1449 2710 descript.

257 2727 354 2764 Hab.
386 2727 424 2763 in
448 2726 729 2773 Mesopotamia
752 2723 895 2773 (Auch.
922 2734 1003 2760 exs.
1033 2716 1144 2761 890!
1174 2722 1214 2760 in
1236 2723 1346 2761 herb.
1371 2723 1471 2760 Mus.
1503 2719 1629 2771 Parl)
1658 2721 1758 2758 inter
1789 2718 1884 2758 Orsa

201 2790 237 2822 et
259 2784 408 2823 Suerek
432 2785 512 2834 (Ky
537 2795 618 2821 exs.
643 2782 691 2822 71
713 2776 750 2832 Ξ)
765 2813 773 2832 ,
805 2783 843 2819 in
866 2782 1025 2830 regione
1050 2781 1242 2829 superiori
1267 2782 1368 2830 alpis
1395 2780 1580 2819 Kuhdelu
1616 2779 1761 2818 Persiae
1792 2790 1882 2817 aus-

198 2845 306 2882 tralis
330 2844 413 2894 (Ky
439 2855 519 2882 exe.
544 2840 657 2882 496!
686 2844 756 2880 sub
779 2841 827 2880 H.
853 2841 1206 2888 helianthemoz'di).
