2021 3235
1017 99 1101 143 176

210 197 400 234 subulatae
435 196 627 234 diametro
662 196 785 234 ovarii
810 197 1011 245 longiores
1031 227 1039 241 ,
1075 197 1327 245 placentariae
1360 198 1561 243 subulatae,
1587 197 1737 246 siliquae
1761 193 1903 250 ῬΑ-2

209 256 418 304 pollicares
442 256 552 294 iineae
575 252 634 309 ²s³
661 257 758 294 latae.
778 257 923 295 Habitu
950 260 988 294 et
1011 257 1114 295 foliis
1140 255 1186 295 A.
1206 257 1378 296 albidum
1400 269 1480 297 var.
1497 257 1739 306 brevisoliam
1763 257 1901 305 refert,

210 317 259 354 ab
295 315 339 352 ea
363 315 558 363 glandulis
584 320 645 353 sat
671 316 827 353 differre
853 316 1022 354 videtur.

267 446 328 488 A.
348 456 652 501 purpurea
680 443 833 501 (Sibth.
866 450 906 485 et
933 442 1017 486 Sm.
1050 442 1110 484 Fl.
1138 442 1272 486 Graec.
1302 443 1393 497 VII,
1424 444 1510 487 tab.
1549 443 1653 500 643>
1682 444 1903 501 caespitosa

208 518 313 547 cana
340 502 513 546 humilis
541 503 630 545 basi
659 501 980 555 suffrutescens,
1010 501 1121 544 foliis
1149 501 1311 544 obtusis
1339 502 1614 546 obtusissime
1633 502 1904 559 paucidenta-

210 563 260 604 lis
288 563 349 605 vel
378 561 555 617 integris
583 561 740 604 intimis
768 560 956 604 obovatis
984 559 1164 602 caulinis
1192 560 1369 603 minutis
1396 561 1905 618 cordato-amplexieauli-

208 622 286 664 bus
314 620 524 675 oblongis,
555 620 703 677 petalis
732 619 868 662 roseis
896 619 1033 676 calyce
1062 618 1160 674 '⁰272
1181 619 1246 675 plo
1276 619 1544 675 longioribus
1562 620 1695 663 limbo
1717 620 1904 676 oblongo

207 680 249 722 in
277 693 465 734 unguem
494 680 651 722 sensim
679 685 913 733 attenuato,
949 677 1114 734 siliquis
1150 678 1433 722 subsecundis
1460 678 1806 735 patulo-deflexis
1840 686 1899 727 26,

206 738 435 781 Aubrz'ecia
456 752 680 795 purpurea
708 749 775 780 DC.
807 735 916 794 Syst.
948 736 1002 789 ΙΙ,
1031 750 1073 793 p.
1105 735 1207 780 Ο294.

265 809 366 846 Hab.
393 809 430 845 iu
469 812 598 845 monte
637 807 804 855 Olympo
839 806 960 854 Cypri
984 804 1070 857 (nec
1103 806 1297 854 Bithyniae
1337 810 1380 845 ut
1410 806 1574 844 erronee'
1611 806 1753 856 Sibth.)
1779 819 1903 856 prope

209 880 354 917 pagum
388 868 627 905 Prodromos
661 868 730 904 alt.
767 863 899 905 4000‘
928 862 1007 917 (Ky
1045 877 1124 904 exs.
1159 863 1319 917 2561),
1346 867 1385 904 in
1417 870 1548 904 monte
1587 866 1901 915 Pentadactylon

212 925 311 982 (Ky.
339 940 420 966 exs.
446 920 591 976 458!).

269 995 301 1032 A
326 995 458 1042 specie
481 993 715 1042 praecedenti
743 993 927 1030 distincta
951 992 1166 1030 caudiculis
1190 993 1393 1040 induratis,
1418 992 1578 1031 floribus
1596 993 1756 1031 dimidio
1781 993 1904 1031 mino·

208 1054 327 1103 ribus,
355 1052 506 1102 siliquis
535 1053 694 1090 deflexis
718 1063 791 1089 non
820 1051 1016 1089 torulosis.
1045 1050 1249 1090 Glandulae
1274 1053 1452 1090 valvares
1485 1063 1563 1090 non
1589 1055 1630 1090 ut
1652 1053 1691 1089 in
1714 1052 1902 1091 affinibus

211 1114 402 1162 elongatae
426 1114 495 1150 sed
529 1109 806 1161 gibbiformes,
835 1111 1086 1159 placentariae
1124 1112 1250 1150 nullae.
1280 1111 1375 1151 Cum
1400 1111 1683 1161 speciminibus
1714 1124 1734 1150 e
1769 1112 1901 1161 Cypro

211 1174 367 1211 omnino
393 1173 573 1221 congruit
597 1173 690 1211 Ieon
706 1170 995 1218 Sibthorpiana.

766 1312 792 1361 †
823 1312 855 1364 -χ-
885 1311 910 1362 †
942 1312 1082 1351 Flores
1107 1312 1345 1352 ochroleuci.

266 1436 328 1479 A.
362 1435 661 1478 flavissora
695 1433 854 1489 (Bunge
882 1432 924 1476 in
953 1434 1007 1490 pl.
1039 1433 1171 1477 Abich
1200 1434 1253 1477 N0
1289 1433 1372 1491 26)
1410 1446 1657 1487 canescens,
1700 1433 1901 1477 caulibus

208 1493 458 1545 humililms,
487 1492 598 1535 soliis
625 1492 881 1535 radicalibus
908 1492 1119 1549 petiolatis
1145 1492 1688 1550 obovatis,paucidentatiffi
1719 1492 1903 1537 caulinis

209 1553 402 1609 oblongis
443 1552 533 1594 basi
576 1554 791 1594 attenuata
814 1551 1278 1595 ,cordato-auriculatis
1313 1551 1584 1596 denticulatis
1611 1552 1672 1594 vel
1699 1551 1900 1607 integris,

208 1613 446 1668 petaloruni
482 1610 698 1667 unguibus
735 1609 911 1653 exsertis
946 1610 1104 1653 lamina
1141 1611 1337 1663 obovata,
1381 1610 1547 1668 siliquis
1575 1610 1902 1667 erecto-patulis

211 1670 387 1727 glabris,
417 1669 652 1713 seminibus
679 1669 797 1727 apice
823 1668 1074 1712 brevissime
1101 1669 1222 1713 alatis
1256 1682 1313 1723 26.

269 1741 373 1779 Hah.
402 1742 441 1778 in
465 1741 607 1788 alpinis
634 1740 775 1778 montis
798 1740 943 1778 Ararat
968 1737 1177 1792 (Abichl).

270 1809 433 1847 Videtur
458 1809 579 1846 valde·
602 1808 728 1846 affinis
765 1807 900 1846 formis
929 1808 1196 1858 microphyllis
1221 1807 1287 1847 Ar.
1319 1808 1464 1847 albidoe
1494 1808 1563 1846 sed
1588 1808 1706 1846 flores
1730 1809 1904 1847 minores

208 1872 298 1908 sunt
321 1866 413 1921 472
438 1868 561 1906 lineas
586 1868 694 1916 longi
713 1872 751 1905 et
769 1879 789 1906 e
811 1868 917 1906 sicco
943 1868 1124 1906 videntur
1147 1868 1238 1906 flavi
1265 1865 1320 1921 (v.
1346 1880 1378 1906 s.
1402 1867 1518 1906 florif.
1550 1869 1588 1906 in
1606 1868 1716 1908 herb.
1740 1869 1902 1918 Bung.).

749 2021 771 2043 ÷÷
803 2021 826 2043 ÷÷
859 2022 1011 2071 Siliqua
1033 2023 1351 2071 subcompressa.

265 2150 327 2192 A.
345 2148 659 2204 ionocalyx
685 2146 835 2203 (Boiss.
856 2146 1006 2202 Diagn.
1027 2146 1116 2189 Ser.
1150 2146 1183 2200 I,
1205 2145 1314 2200 VIII,
1344 2160 1385 2203 p:
1408 2145 1482 2203 20)
1512 2145 1608 2203 pilis
1636 2147 1820 2191 ramosis
1848 2148 1902 2191 ad

209 2208 349 2250 caules
376 2214 541 2250 erectos
569 2205 831 2264 paniculatos
857 2206 999 2262 patule
1025 2204 1258 2262 hispidula,
1295 2205 1347 2248 ad
1378 2204 1478 2248 folia
1505 2219 1749 2260 canescens,
1790 2205 1900 2250 foliis

208 2266 466 2309 radicalibus
493 2264 777 2309 obtusissimis
804 2263 1016 2321 profunde
1044 2263 1227 2307 dentatis
1252 2264 1317 2306 vel
1343 2263 1490 2321 lyratis
1517 2263 1727 2320 pinnatim
1755 2265 1817 2307 vel
1840 2265 1899 2307 bi-

207 2324 414 2381 pinnatim
444 2324 584 2376 sectis,
629 2322 807 2367 caulinis
843 2322 1288 2379 oblongo-linearibus
1324 2322 1474 2366 crebre
1512 2323 1712 2378 dentatis,
1757 2324 1898 2381 calyce

208 2383 389 2437 rubello,
433 2384 675 2440 petalorum
711 2381 870 2424 lamina
905 2381 1090 2438 oblonga
1119 2382 1221 2425 ‘alba
1252 2381 1297 2423 in
1329 2394 1519 2438 unguem
1545 2395 1656 2439 saepe
1684 2382 1898 2425 rubellum

209 2445 442 2496 attenuata,
477 2441 642 2499 siliquis
669 2439 984 2498 erecto-patulis
1010 2439 1138 2484 valvis
1165 2438 1363 2484 convexis
1390 2439 1531 2485 nervis
1556 2441 1803 2485 lateralibus
1830 2440 1897 2484 in-

205 2500 412 2544 termedio
439 2500 502 2544 vix
530 2499 818 2552 tenuioribus,
848 2497 1084 2543 seminibus
1111 2499 1198 2542 fere
1226 2497 1383 2556 apteris
1420 2509 1477 2551 26.

262 2573 365 2612 Hab.
402 2573 440 2609 in
477 2571 672 2610 umbrosis
711 2570 835 2609 Cariae
857 2571 1024 2615 (Pinax-d
1041 2572 1080 2618 1)
1110 2571 1150 2609 in
1183 2570 1327 2619 pinetis
1366 2570 1510 2608 montis
1555 2570 1717 2620 Solyma
1766 2570 1902 2618 Lyciae

206 2629 388 2685 (HeldrI)
416 2633 454 2668 in
478 2631 611 2669 Tauro
637 2629 801 2669 Cilicico
826 2624 974 2684 (Ball).

262 2699 434 2747 Pedalis‚
460 2698 576 2736 flores
599 2709 726 2745 magn.
751 2695 817 2735 Ar.
843 2697 1005 2746 alpinoe,
1030 2697 1180 2746 siliquae
1202 2693 1336 2748 1722
1359 2696 1569 2746 pollicares
1591 2708 1668 2735 non
1692 2696 1895 2737 torulosae.

205 2758 410 2797 Glandulae
427 2758 607 2795 valvares
631 2757 894 2805 triangulares
920 2758 1078 2803 breves,
1103 2756 1356 2805 placentariae
1380 2755 1599 2795 filiformes‚

263 2824 309 2877 β.
344 2820 536 2866 Cilicz'ca.
567 2820 685 2864 Folia
711 2820 914 2864 radicalia
938 2820 1135 2877 longiora
1160 2820 1602 2877 oblongo-lanceolata
1628 2820 1780 2864 crebre
1805 2832 1900 2876 pec-

207 2881 337 2924 tinata
377 2880 438 2922 vel
482 2879 889 2932 runcinato-lobata,
932 2879 1061 2923 flores
1092 2880 1218 2937 paulo
1251 2878 1437 2937 majores
1466 2878 1568 2933 albi,
1600 2878 1766 2936 siliquae
1794 2877 1821 2921 Ξ
1840 2878 1898 2934 ¹s2
