2021 3235
1041 166 1125 210 928

234 258 330 304 latis
356 257 535 312 obtusiS,
565 257 780 316 corymbis
799 257 1084 302 densiusculis
1101 257 1364 314 paucifloris,
1393 258 1546 317 calycis
1570 260 1725 318 hispidi
1743 262 1795 306 ad
1813 261 1934 307 basin

237 318 379 377 partiti
407 317 572 362 laciuiis
598 317 844 361 lanceolatis
872 317 1031 369 acutis,
1066 316 1218 373 petalis
1251 317 1447 373 oblongis
1479 318 1781 364 obtusiusculis
1808 322 1936 365 dorso

239 378 361 421 hirtis
388 377 431 420 in
460 377 572 420 sicco
598 375 958 429 viridi-fasciatis,
997 374 1251 418 staminibus
1285 377 1444 419 corolla
1471 377 1595 421 tertia
1620 385 1740 435 parte
1767 379 1936 424 brevio-

241 437 378 490 ribuS,
405 435 537 479 ovarii
564 435 700 490 glabri
728 435 870 491 gibbis
896 433 1050 477 crassis
1078 433 1242 478 obtusis
1267 435 1406 478 loculo
1432 435 1702 481 brevioribus
1739 445 1776 488 26
1792 473 1800 481 .

301 499 397 537 Hal).
424 500 459 536 in
486 498 673 536 Armenia
699 494 844 551 (Auch.
864 499 953 534 'exs.
981 494 1070 536 818
1097 508 1145 533 ex
1169 500 1280 545 parte
1298 498 1336 546 !).

301 558 444 597 Gaules
470 562 606 596 tenues
630 554 715 596 4-5
740 558 949 605 pollicares
976 556 1062 593 laxe
1085 555 1229 605 foliosi,
1255 556 1350 594 folia
1374 554 1459 596 5-6
1482 558 1606 596 lineas
1631 559 1763 609 longa,
1785 572 1936 610 corym-

243 620 316 657 bus
340 630 486 666 parvus
512 615 588 656 7-9
614 617 750 655 florus.

301 762 368 805 H.
386 760 684 816 Bourqaei,
713 757 906 801 caulibus
934 756 1262 800 ascendentibus
1278 757 1478 801 brevibus
1494 757 1574 800 sub
1590 758 1703 801 lente
1719 758 1941 816 puberulis

244 819 510 878 simplicibus
550 819 613 861 vel
657 816 859 869 ramosis,
904 815 1014 859 foliis
1049 814 1350 872 glabriusculis
1381 815 1425 858 in
1467 815 1670 873 petiolum
1713 817 1941 861 attenuatis

243 886 366 923 ovato
390 878 455 921 vel
481 877 666 933 oblongo
684 901 702 907 -
720 874 971 932 spathulatis
998 873 1295 928 acutiusculis,
1324 874 1536 931 corymbis
1562 875 1810 932 paucissoris
1835 876 1941 920 den-

243 937 442 982 siusculis
482 935 666 989 foliosis,
711 933 928 991 pedicellis
969 933 1110 990 calyce
1151 932 1525 987 subbrevioribus,
1568 933 1723 990 calycis
1763 935 1939 979 lanatuli

243 996 452 1054 profunde
478 994 621 1052 partiti
649 992 815 1036 laciniis
859 991 1054 1047 oblongis
1096 991 1282 1046 obtusis,
1324 992 1475 1049 petalis
1514 992 1674 1048 glabris
1713 993 1776 1036 vel
1815 1007 1942 1051 parce

244 1055 414 1099 hirtulis
446 1053 579 1097 ovatis
612 1051 798 1105 obtusis,
841 1050 1095 1094 staminibus
1136 1050 1295 1093 corolla
1335 1050 1461 1094 tertia
1497 1058 1617 1108 parte
1651 1051 1939 1107 brevioribus,

243 1113 376 1159 ovarii
411 1112 546 1168 glabri
581 1113 644 1155 vel
682 1123 807 1167 parce
843 1109 991 1152 hirtuli
1027 1107 1168 1165 gibbis
1204 1108 1359 1152 crassis
1394 1108 1554 1153 conicis
1589 1110 1730 1153 loculo
1766 1110 1942 1154 dimidio

245 1171 516 1217 brevioribus
551 1182 610 1223 26.

304 1245 406 1282 Hab.
430 1244 468 1280 in
492 1242 704 1291 praeruptis
729 1240 924 1277 Armeniae
961 1239 1135 1277 Turcicae
1169 1239 1218 1276 ad
1250 1237 1563 1278 Gumuchkbane
1583 1235 1761 1290 (Bourgl
1788 1239 1940 1280 Tchihl

245 1306 317 1343 sub
342 1304 387 1341 H.
417 1301 618 1349 Armeno).

305 1362 448 1402 Caules
474 1360 751 1409 semipedales,
778 1358 871 1396 solia
898 1360 936 1395 et
971 1357 1093 1396 facies
1122 1357 1159 1395 Η
1200 1356 1376 1401 Armeni,
1404 1358 1473 1396 sed
1507 1358 1626 1397 flores
1651 1360 1821 1409 majores
1845 1359 1943 1407 (4-5

244 1425 310 1462 lin.
341 1417 480 1475 longi),
508 1421 642 1469 petala
666 1419 805 1457 latiora
832 1418 913 1456 fere
930 1414 1070 1466 glabra
1087 1422 1126 1455 et
1149 1417 1273 1454 forma
1298 1418 1527 1457 laciniarum
1551 1419 1699 1467 calycis
1718 1419 1886 1458 diversa.

304 1562 371 1606 H.
399 1560 695 1618 pumilum
722 1555 872 1601 (Boiss.
903 1555 1053 1612 Diagn.
1084 1554 1172 1598 Ser.
1205 1555 1239 1608 I,
1269 1555 1302 1609 l,
1332 1569 1373 1612 p.
1404 1554 1479 1613 61)
1508 1556 1802 1600 tomentellum
1830 1558 1946 1614 glau-

245 1634 362 1674 cum,
391 1618 584 1663 caulibus
613 1615 967 1668 ascendentibus,
996 1614 1106 1657 foliis
1133 1614 1351 1658 sessilibus
1380 1615 1853 1673 lanceolam-oblongis
1880 1617 1944 1661 vel

244 1679 479 1723 linearibus
506 1675 659 1730 acutis,
688 1674 892 1732 corymbo
920 1680 1122 1730 congesto
1140 1699 1159 1705 -
1177 1673 1361 1731 capitato
1378 1708 1388 1726 ,
1426 1672 1644 1730 pedicellis
1678 1674 1784 1718 flore
1810 1676 1944 1719 multo

244 1737 542 1791 brevioribus,
582 1734 735 1792 calycis
769 1733 923 1776 minuti
956 1732 1166 1791 profunde
1192 1731 1336 1790 partiti
1364 1731 1530 1775 laciniis
1556 1731 1681 1776 hirtis
1708 1732 1942 1791 triangula-

243 1798 365 1841 ribus
392 1796 544 1849 acutis,
573 1793 723 1852 petalis
749 1792 944 1848 oblongis
971 1790 1107 1835 acutis
1133 1790 1291 1847 glabris
1318 1790 1381 1833 vel
1399 1789 1527 1834 dorso
1545 1790 1686 1845 hirtis,
1715 1791 1942 1836 filamentis

243 1857 401 1900 corolla
425 1855 491 1898 vix
519 1852 813 1904 brevioribus,
849 1850 994 1894 ovario
1028 1849 1176 1907 glabro
1214 1848 1352 1892 rarius
1389 1849 1502 1892 inter
1532 1862 1732 1893 verrucas
1761 1850 1941 1907 sparsim

242 1915 401 1959 hirtulo
427 1911 657 1958 corniculis
684 1909 841 1954 conicis
869 1909 1007 1953 loculo
1034 1908 1275 1966 quadruplo
1303 1907 1575 1951 brevioribus
1613 1915 1673 1957 26.

290 1981 402 2025 Hab.
427 1986 464 2023 in
491 1984 660 2024 collibus
683 1982 820 2031 Lydiae
845 1981 893 2018 ad
919 1980 1179 2025 Laodiceam,
1212 1982 1249 2017 in
1275 1984 1407 2017 monte
1432 1978 1584 2028 Mesogi
1620 1991 1744 2029 prope
1777 1981 1942 2030 Bayada

240 2052 278 2086 et
302 2047 410 2086 circa
435 2042 625 2083 Denisleh
647 2041 772 2080 Cariae
797 2037 950 2094 (Boissl
979 2039 1078 2078 Pin!
1098 2036 1125 2091 ).

296 2105 424 2145 Valde
448 2104 564 2143 affine
590 2100 640 2141 H.
677 2094 940 2145 εααυεοὶἵεηιὶ,
972 2099 1105 2138 caules
1138 2098 1281 2146 saepius
1312 2098 1535 2147 breviores,
1562 2097 1656 2136 folia
1681 2098 1842 2149 minora,
1876 2111 1937 2138 co·

237 2167 399 2216 rymbus
424 2163 639 2204 confertior
664 2161 870 2210 pedicellis
895 2158 1166 2207 brevioribus,
1192 2158 1326 2206 petala
1349 2157 1602 2207 angustiora,
1637 2157 1753 2207 calyx
1781 2159 1939 2197 corollae

237 2225 494 2276 proportione
520 2221 691 2261 brevior.

296 2368 364 2414 H.
391 2364 632 2412 Reuteri
669 2361 821 2420 (Boiss.
853 2360 1004 2417 Diagn.
1035 2359 1125 2403 Ser.
1156 2358 1195 2411 I,
1223 2357 1273 2411 V,
1302 2372 1343 2415 p.
1374 2354 1450 2415 87)
1480 2354 1712 2408 hirtellum,
1742 2353 1936 2399 caulibus

236 2424 566 2472 ascendentibus
609 2420 873 2479 simplicibus
914 2418 1064 2471 nanis,
1108 2417 1217 2461 foliis
1259 2414 1580 2460 subimbricatis
1621 2413 1761 2471 parvis
1802 2413 1935 2457 ovatis

235 2483 512 2531 acutiusculis
538 2481 591 2525 ab
618 2479 778 2524 infimis
804 2477 992 2522 minimis
1020 2477 1069 2520 ad
1099 2475 1324 2534 superiora
1350 2473 1510 2518 sensim
1539 2472 1700 2526 auctis,
1731 2471 1934 2530 corymbo

235 2547 368 2590 denso
394 2543 603 2600 capitato,
640 2537 856 2596 pedicellis
883 2534 1170 2589 brevissimis,
1208 2533 1360 2592 calycis
1395 2531 1524 2576 lanati
1551 2531 1762 2589 profunde
1788 2530 1933 2588 partiti

235 2602 402 2649 laciniis
428 2597 764 2656 triangularibus
791 2593 1092 2648 acutiusculis,
1121 2593 1270 2651 petalis
1297 2590 1494 2648 oblongis
1521 2589 1686 2634 obtusis
1712 2589 1840 2633 dorso
1867 2589 1932 2647 pi—

235 2662 362 2715 losis,
404 2656 634 2704 filamentis
660 2655 818 2700 corolla
843 2651 1265 2711 paulobrevioribus
1282 2686 1292 2706 ,
1335 2649 1481 2695 ovario
1507 2648 1656 2706 glabro
1682 2647 1931 2706 pauciglan-

236 2721 386 2766 duloso
413 2715 644 2762 corniculis
669 2713 802 2759 ovatis
828 2713 967 2756 loculo
994 2710 1263 2767 longioribus
1297 2720 1354 2762 26.

296 2792 398 2830 Hab.
416 2792 456 2828 in
480 2786 597 2827 Caria
622 2785 840 2838 (Pinardl).

296 2851 437 2889 Planta
458 2847 731 2896 tripollicaris,
758 2844 852 2883 folia
887 2842 1037 2892 majora
1062 2839 1090 2881 5
1124 2840 1249 2878 lineas
1275 2841 1395 2888 longa
1419 2837 1439 2878 1
1463 2835 1517 2892 ¹s2
1541 2838 1632 2884 lata,
1660 2837 1868 2886 corymbus
1892 2840 1931 2876 et

237 2912 355 2949 flores
377 2908 427 2948 H.
451 2907 598 2959 pumili
621 2918 643 2943 a
664 2908 755 2954 quo·
774 2903 904 2942 differt
933 2901 1036 2940 foliis
1072 2900 1284 2939 minoribus
1318 2898 1622 2938 confertioribus
1647 2897 1926 2953 obtusioribus,

239 2970 380 3019 petalis
404 2967 568 3017 obtusis,
593 2965 718 3004 ovarii
744 2961 954 3002 corniculis
980 2960 1189 3013 elongatis.
1215 2958 1426 3007 Capsulam
1448 2960 1636 2995 maturam
1662 2968 1739 2995 non
1763 2955 1857 2993 vidi.
