2021 3235
1039 85 1125 129 474

802 266 846 312 ><
895 268 934 308 ><
977 261 1148 310 Gapsula
1173 261 1361 309 stipitat-a.

297 402 353 444 P.
373 403 563 457 major
599 401 733 457 (Jacq.
774 400 914 442 Austr.
946 398 1029 441 tab.
1061 396 1166 454 443)
1205 394 1487 451 multicaulis,
1526 397 1719 440 caulibus
1756 397 1927 454 virgatis

240 459 442 515 elongatis
470 459 619 502 erectis
636 495 645 512 ,
683 458 792 502 foliis
818 458 914 500 imis
942 455 1339 511 obovato-oblongis
1368 455 1662 513 superioribus
1689 455 1926 500 linearibus

241 518 445 573 elongatis
472 517 621 570 acutis,
652 516 828 561 racemis
857 515 1154 559 terminalibus
1182 514 1442 569 multifloris,
1471 514 1654 558 bracteis
1680 513 1928 558 lateralibus

243 576 445 633 pedicello
471 575 721 632 aequilongis
748 575 799 618 ad
828 574 991 631 apicem
1009 573 1172 617 racemi
1185 573 1611 627 subexcurrentibus,
1642 572 1717 616 alis
1736 572 1931 630 ellipticis

241 634 513 678 acutiusculis
540 633 617 677 3-5
645 633 799 677 nerviis
824 633 942 676 venis
969 631 1087 689 apice
1114 633 1549 686 anastomosantibus,
1578 631 1719 689 stipite
1746 631 1825 675 sub
1853 645 1929 675 an-

244 694 349 736 thesi
385 693 528 736 ovario
564 692 642 736 3-4
668 690 736 750 plo
762 691 954 748 longiore
971 727 980 744 ,
1017 690 1165 748 petalis
1192 690 1440 735 lateralibus
1466 691 1612 735 carina
1645 689 1930 747 longioribus,

243 752 413 809 capsula
439 751 584 807 glabra
611 750 1047 795 obovato-obcordata
1062 750 1186 806 longe
1205 749 1392 807 stipitata
1419 758 1481 800 26.
1514 750 1571 794 lc.
1594 749 1728 793 Rchb.
1749 749 1806 807 pl.
1828 748 1927 793 Crit.

244 811 276 864 l,
306 810 377 866 fig.
409 808 561 853 59-60.

300 882 400 919 Hab.
425 883 461 918 in
497 882 668 920 Thracia
702 881 848 919 boreali
885 880 935 918 ad
961 879 1128 918 Oarlova
1160 878 1291 930 (Friv.
1313 891 1359 918 ex
1384 879 1576 931 Griseb),
1615 888 1744 918 monte
1769 878 1932 918 Veluchi

245 941 404 979 AEtoliae
427 941 463 978 in
485 941 664 979 abietinis
690 940 874 986 (Samarit
889 936 919 989 1)
939 970 945 986 ,
967 939 1155 978 Armenia
1177 940 1226 977 ad
1251 938 1533 978 Gumuclikane
1557 939 1703 991 (Bourg
1719 937 1759 992 l),
1787 939 1936 977 Tauria

244 1005 281 1038 et
304 1012 414 1049 prov.
441 1000 662 1038 Caueasicis
688 999 790 1050 (ΜΒ.
813 996 1000 1050 G.A.M!),
1028 1000 1165 1037 Persia
1183 998 1334 1038 boreali
1352 999 1588 1038 occidentali
1609 995 1779 1051 (Buhsel
1809 998 1933 1037 Auch.

243 1071 325 1098 exs.
350 1057 515 1107 42001).
541 1060 598 1097 Fl.
623 1071 725 1097 vere.

301 1125 377 1165 Ar.
410 1126 569 1176 Geogr.
605 1125 814 1164 Germania
837 1125 1204 1174 austro-orientalis,
1232 1125 1395 1174 Bosnia,
1423 1126 1564 1164 Rossia
1588 1126 1785 1165 australis.

302 1291 358 1333 P.
393 1290 700 1333 Anatolica
736 1289 886 1346 (Boiss.
930 1296 970 1331 el.
996 1288 1139 1331 Heldr.
1171 1288 1319 1345 Diagn.
1351 1287 1440 1332 Ser.
1471 1286 1524 1342 2,
1553 1287 1586 1340 I,
1615 1301 1655 1344 p.
1689 1284 1763 1344 57)
1793 1285 1936 1329 multi-

247 1348 394 1401 caulis,
425 1348 616 1390 caulibus
643 1348 814 1403 virgatis
840 1346 1044 1403 elongatis
1072 1347 1243 1401 erectiS,
1272 1347 1382 1390 foliis
1409 1346 1567 1390 infimis
1595 1343 1938 1402 elliptico-linea-

249 1407 367 1450 ribus
383 1407 547 1449 caetoris
565 1406 796 1450 linearibus
814 1406 987 1458 strictis,
1008 1405 1190 1449 racemis
1209 1406 1503 1450 terminalibus
1521 1404 1659 1461 longis
1676 1403 1937 1458 laxiusculis,

248 1465 430 1508 bracteis
457 1465 698 1509 lateralibus
725 1466 931 1523 pedicello
958 1464 1223 1519 longioribus
1251 1466 1302 1509 ad
1330 1466 1492 1523 apicem
1522 1463 1679 1507 racemi
1707 1476 1939 1506 excurren-

248 1524 375 1577 tibus,
406 1524 481 1566 alis
509 1524 702 1581 ellipticis
731 1525 1004 1568 acutiusculis
1031 1523 1109 1568 3-5
1137 1524 1295 1568 nerviis
1324 1524 1440 1568 venis
1467 1523 1585 1581 apice
1614 1528 1936 1566 anaslomosan-

248 1582 382 1635 tibus,
412 1584 555 1626 ovario
583 1584 660 1627 sub
688 1583 851 1627 anthesi
880 1583 1146 1640 carpophoro
1173 1583 1452 1627 subbreviore
1469 1619 1478 1636 ,
1515 1581 1667 1640 petalis
1694 1580 1939 1624 lateralibus

245 1641 391 1742 {arina
435 1642 698 1699 longioribus
721 1679 729 1697 ,
782 1643 954 1700 capsula
994 1642 1224 1686 obcordata
1265 1642 1357 1686 basi
1398 1644 1579 1686 cuneata
1622 1639 1808 1698 stipitata
1849 1640 1939 1696 gla-

278 1703 324 1743 ra
361 1708 421 1750 26.

307 1772 404 1809 Hab.
427 1774 461 1808 in
481 1773 653 1811 dumosis
673 1772 788 1812 siccis
813 1774 1018 1820 Anatoliae‚
1042 1773 1157 1813 Caria
1182 1777 1220 1811 et
1244 1772 1372 1821 Lydia
1394 1772 1536 1822 (Boiss.
1557 1773 1610 1821 pl.
1631 1783 1712 1809 exs.
1735 1767 1852 1811 1842
1869 1772 1940 1809 sub

246 1831 289 1869 Ρ.
316 1833 506 1881 majore),
546 1833 690 1871 Pisidia
725 1831 952 1884 (Heldrt),
990 1833 1164 1882 Phrygia
1198 1845 1317 1880 supra
1349 1832 1514 1871 Ouchak
1558 1828 1709 1886 (Ba‘ll)
1730 1862 1738 1877 ‚
1781 1829 1941 1869 Galatia

249 1887 381 1943 (Wied
399 1889 443 1942 l),
469 1891 723 1941 Cappadocia
747 1892 884 1946 (Auch.
912 1906 993 1932 exs.
1017 1888 1171 1946 910!)‚
1198 1892 1398 1931 Cataoniae
1423 1904 1534 1931 mons
1558 1890 1788 1941 Berytdagh
1810 1890 1848 1928 in
1873 1890 1943 1928 hu-

248 1951 360 1988 midis
386 1953 451 1989 alt.
476 1950 616 1992 6000’
652 1952 912 2002 (Hausskl),
949 1953 1086 1992 Cilicia
1111 1948 1286 2007 (Ball),
1325 1951 1439 2001 Syria
1464 1953 1550 1992 bor.
1581 1952 1619 1990 in
1654 1955 1782 1989 monte
1805 1949 1941 1989 Cassio

248 2003 446 2066 (Boissl),
472 2012 656 2050 Armenia
678 2012 778 2051 inter
799 2013 881 2050 Van
907 2018 943 2051 et
963 2013 1076 2051 Bitlis
1099 2012 1240 2063 (Burre
1266 2013 1314 2051 de
1341 2011 1474 2061 Lancy
1493 2009 1536 2063 l),
1562 2011 1879 2050 Transeaucasia
1903 2010 1942 2048 in

248 2069 471 2109 Somclietia
496 2075 532 2109 et
558 2072 739 2111 Imeretia
767 2072 894 2124 (Szow
911 2069 952 2118 l),
978 2072 1154 2121 Georgia
1179 2067 1340 2123 (Hohl).
1372 2072 1430 2110 Fi.
1454 2083 1560 2109 vero.

307 2137 447 2176 Caules
474 2135 607 2192 1-11]2
634 2140 813 2188 pedales,
841 2140 959 2178 flores
982 2141 1112 2189 magni
1138 2141 1242 2178 rosei
1267 2140 1329 2178 vel
1354 2139 1474 2178 albidi
1500 2139 1549 2180 P.
1577 2139 1737 2189 majoris
1761 2148 1846 2186 quae
1870 2137 1941 2175 dif-

252 2197 324 2234 fert
351 2197 443 2235 tubo
471 2200 624 2236 corollae
646 2200 717 2236 alis
741 2200 910 2248 longiori
932 2211 1005 2238 nec
1022 2200 1206 2248 breviori,
1226 2200 1350 2238 ovarii
1366 2200 1500 2248 stipite
1518 2199 1758 2249 longissimo.
1778 2197 1822 2238 P.
1841 2196 1944 2237 Ana-

247 2257 364 2296 eolica
388 2269 412 2295 a
436 2258 479 2296 P.
503 2259 654 2297 comoed
678 2259 827 2307 optime
845 2260 1090 2308 dignoscitur
1111 2259 1270 2299 floribus
1295 2259 1351 2298 eis
1374 2259 1596 2310 P.majori8
1621 2260 1685 2297 vix
1712 2259 1944 2304 minoribus,

251 2317 344 2355 tubo
370 2318 529 2356 corollae
556 2320 752 2368 elongam,
780 2320 853 2357 alis
880 2320 1067 2358 corollam
1091 2331 1168 2357 non
1192 2319 1454 2369 aequantibus,
1488 2320 1651 2369 capsula
1674 2320 1850 2368 stipitata
1875 2331 1946 2357 nee

252 2377 467 2443 siibsossili.
510 2379 556 2417 P.
581 2377 787 2418 Anatolica
827 2379 954 2417 Boiss.
994 2384 1033 2418 et
1065 2379 1196 2418 Buhse
1231 2378 1346 2418 Aufz.
1383 2391 1431 2418 ex
1466 2379 1604 2418 Persia
1637 2380 1788 2419 boreali
1816 2383 1875 2418 est
1899 2379 1943 2419 P.

251 2447 385 2485 mayor.

309 2510 354 2562 β.
385 2509 646 2564 floribunda.
688 2510 818 2553 Boiss.
850 2510 999 2566 Diagn.
1029 2509 1120 2554 Ser.
1152 2510 1204 2565 2,
1234 2511 1288 2564 V,
1327 2525 1368 2568 p.
1405 2510 1475 2554 49.
1518 2510 1689 2554 Racemi
1727 2510 1947 2556 densiores

252 2567 452 2624 elongati.
482 2568 535 2611 P.
556 2569 802 2625 floribunda
828 2569 962 2613 Boiss.
995 2576 1036 2613 et
1062 2569 1174 2613 Huet
1199 2571 1256 2627 pl.
1288 2584 1372 2614 exs.

316 2641 415 2678 Hab.
437 2641 471 2677 in
496 2641 677 2696 Armenia
701 2642 749 2678 ad
770 2642 954 2678 Erzcrum
979 2641 1153 2692 (Huetl).
1179 2644 1215 2679 in
1240 2643 1396 2690 pascuis
1421 2654 1542 2690 prope
1566 2643 1734 2680 Baibout
1752 2640 1948 2695 (Bourgl).

312 2732 352 2772 y.
372 2711 536 2768 alpina.
567 2711 712 2756 Caules
739 2719 774 2756 el
807 2712 963 2756 racemi
992 2712 1242 2757 abbreviati.
1275 2713 1421 2757 Flores
1448 2713 1773 2758 albo-virentes.

318 2781 417 2819 Hab.
446 2781 484 2819 in
509 2783 667 2829 regione
693 2783 823 2831 alpina
846 2783 967 2820 Tauri
991 2783 1140 2822 GilicIci
1167 2795 1285 2833 supra
1309 2784 1651 2833 Bulgharmaaden
1687 2777 1813 2839 (Ball
1833 2784 1873 2835 ),
1911 2784 1949 2821 in

262 2841 448 2879 Armenia
470 2843 588 2889 supra
611 2842 762 2891 Kal-put
791 2841 893 2894 (Noe’
909 2842 953 2894 l).
