2021 3235
869 137 951 181 597

133 233 177 286 β.
206 231 488 287 yrandislora.
521 230 693 272 Lamina
710 236 873 272 exserta
891 228 1089 285 bipartita
1106 228 1216 280 alba,
1246 241 1415 271 coronae
1443 228 1606 271 laciniae
1636 235 1757 270 trun-

76 296 177 332 catae
205 295 372 332 retusae.
403 288 449 331 S.
474 288 669 345 Laqczscae
697 287 826 330 Boiss.
859 287 901 330 in
929 287 1079 331 Welw.
1111 287 1166 343 pl.
1201 286 1330 329 Lusit.
1361 300 1446 329 exs.

133 359 233 397 Hab.
259 358 298 395 in
319 358 451 396 Attica
475 370 559 396 cum
582 361 677 406 typo
707 353 852 409 (Sprun
872 355 912 409 !).

134 424 209 464 Ar.
242 422 402 473 Geogr.
438 424 654 470 Lusitania,
681 423 869 472 Hispania
891 423 1085 461 australis.

134 581 184 625 S.
202 581 488 636 bipartita
516 580 644 635 (Desf.
676 580 754 622 Atl.
777 580 810 633 1,
840 593 878 636 p.
901 578 1003 633 3502,
1032 579 1118 622 tab.
1141 578 1244 635 100)
1275 578 1474 635 adpresse
1502 577 1757 633 pubescens,

78 639 267 682 caulibus
294 638 620 681 ascendentibus
655 639 714 680 vel
747 638 837 681 basi
874 637 1255 695 procumbentibus
1292 636 1432 679 rarius
1469 635 1621 678 erectis
1657 635 1758 678 sim-

76 697 256 755 plicibus
292 698 353 739 vel
390 696 667 749 dichotomis,
711 696 821 740 foliis
862 696 984 739 infer.
1031 695 1220 739 obovatis
1261 694 1422 737 obtusis
1464 693 1760 750 superioribus

77 755 535 811 oblongo-linearibus,
578 755 755 798 ssoribus
788 754 1036 807 racemosis,
1079 754 1262 797 bracteis
1293 752 1433 810 parvis
1460 752 1760 808 oblongo-lan—

78 814 246 857 ceolatis
274 813 572 870 inaequalibus,
610 813 862 870 pedunculis
889 814 1029 870 calyce
1058 812 1342 865 brevioribus,
1387 812 1528 868 calyce
1562 812 1761 868 adpresse

79 879 118 915 et
143 872 327 914 breviter
354 872 593 915 canescenti
621 872 924 915 rubro-vittato
951 886 972 914 e
999 871 1090 914 basi
1118 870 1361 914 umbilicata
1389 872 1603 912 attenuata
1632 869 1760 912 obco-

77 930 172 973 nico
191 956 207 961 -
227 930 459 988 cylindrico
485 931 683 973 dentibus
709 930 904 986 oblongis
931 930 1110 983 obtusis,
1140 929 1360 972 fructifero
1387 928 1564 980 clavato,
1594 927 1762 971 laminae

79 1003 209 1032 roseae
236 989 445 1046 bipartitae
472 989 636 1032 laciniis
670 989 882 1043 obovatis,
921 1002 1091 1032 coronae
1126 987 1291 1031 laciniis
1328 986 1532 1043 elongatis
1568 985 1763 1042 oblongis

76 1048 139 1090 vel
166 1047 408 1090 lanceolatis
435 1061 546 1104 saepe
574 1048 725 1101 acutis,
755 1049 925 1104 capsula
953 1051 1073 1090 ovata
1100 1046 1368 1103 carpophoro
1396 1044 1537 1102 sesqui
1554 1045 1619 1087 vel
1635 1045 1763 1101 duplo

81 1105 271 1161 longiore
301 1112 366 1158 O.
397 1105 444 1149 S.
464 1107 701 1163 vespertina
727 1105 861 1149 Sibth.
894 1106 953 1148 Fl.
977 1105 1111 1149 Graec.
1145 1105 1213 1158 lv,
1233 1104 1318 1147 tab.
1339 1103 1423 1147 409
1451 1110 1491 1147 et
1516 1109 1627 1146 auct.
1649 1103 1759 1160 plur‘.

82 1177 166 1207 non
192 1164 307 1208 Retz.
339 1164 386 1207 S.
406 1166 563 1208 sericea
589 1165 709 1209 Guss.
741 1179 826 1208 non
853 1164 1004 1207 Allion.
1038 1164 1083 1207 S.
1104 1176 1318 1207 canescens
1345 1163 1446 1205 Ten.

139 1234 237 1273 Hab.
264 1236 300 1273 in
325 1237 501 1274 arenosis
527 1237 741 1284 praesertim
766 1236 967 1274 maritimis
984 1236 1103 1273 totius
1128 1234 1330 1283 Graeciael,
1356 1233 1545 1282 Zacynthi
1570 1228 1762 1286 (Mai-gl),

82 1294 204 1332 Cretae
228 1291 424 1347 (Heldrt),
449 1293 642 1334 Anatoliae
658 1297 695 1333 in
716 1295 900 1344 Bithynia
922 1292 1081 1347 (Griseb
1098 1288 1143 1347 l),
1167 1294 1296 1343 Lydia
1320 1290 1408 1347 (Bal
1425 1293 1467 1343 1),
1485 1293 1600 1331 Caria
1619 1292 1760 1344 (Fini),

81 1353 309 1402 Pamphylia
331 1349 488 1403 (Hetdrl
508 1352 547 1409 >,
574 1355 704 1404 Cypro
729 1347 834 1404 (Kyl
853 1351 893 1408 )‚
920 1353 1058 1393 Cilicia
1084 1354 1246 1392 littorali
1272 1352 1355 1406 (Bal
1372 1345 1380 1390 l
1398 1353 1437 1404 ),
1464 1352 1579 1401 Syria¹
1603 1350 1763 1390 littorali

81 1411 168 1462 (ΒΗ
197 1412 300 1451 Gaill
315 1411 351 1465 1).
383 1415 442 1453 Fl.
468 1426 573 1453 vere.

138 1479 254 1518 Facie
278 1484 316 1517 et
339 1481 444 1519 foliis
467 1478 582 1519 valde
606 1481 820 1531 variabilis,
846 1482 884 1519 in
912 1481 1077 1519 collibus
1100 1484 1138 1518 et
1162 1480 1274 1518 cultis
1299 1479 1466 1517 erectior
1491 1479 1595 1517 foliis
1620 1489 1760 1526 angus-

80 1539 254 1587 tioribus,
280 1540 317 1577 in
342 1541 517 1578 arenosis
542 1541 744 1578 maritimis
760 1541 1018 1588 procumbens
1037 1539 1141 1577 foliis
1158 1539 1450 1578 carnosioribus
1476 1538 1600 1585 magis
1619 1537 1758 1575 ovatis.

136 1605 181 1658 β.
212 1604 467 1647 eriocaulon.
501 1605 696 1662 Undique
724 1613 764 1647 et
790 1604 975 1647 breviter
1002 1603 1451 1647 velutino-canescens.

137 1674 236 1712 Hab.
263 1676 300 1711 in
326 1675 448 1712 vineis
474 1677 645 1724 regionis
671 1675 884 1723 superioris
911 1675 1044 1712 insulae
1068 1674 1168 1722 Syra
1193 1673 1358 1723 (Sartori
1376 1671 1441 1723 !),
1479 1673 1516 1710 in
1559 1672 1763 1711 maritimis

79 1732 201 1781 Syriae
221 1735 320 1771 inter
342 1734 525 1772 Sidonem
551 1739 588 1772 et
604 1735 753 1783 Tyrum
779 1733 948 1783 (Gailll).

137 1818 176 1858 y.
206 1797 488 1853 stenoplaeylla.
521 1797 637 1840 Folia
664 1805 840 1854 anguste
858 1797 1213 1852 lineari-oblonga
1229 1796 1291 1839 vel
1308 1795 1503 1846 linearia,
1532 1795 1761 1838 indumen-

80 1862 166 1898 tum
193 1856 460 1912 adpressum,
490 1857 631 1900 caules
657 1856 872 1899 interdum
900 1855 1086 1898 unissori.

137 1926 236 1963 Hab.
261 1926 298 1962 in
323 1925 453 1974 Cypro
479 1924 561 1980 (Ky
577 1926 618 1977 l),
647 1926 766 1965 Chios
792 1926 919 1963 insula
935 1925 1078 1975 (Auch.
1103 1937 1184 1963 eXS.
1203 1923 1292 1965 479
1309 1919 1348 1973 !).
1375 1924 1464 1963 Non
1490 1923 1763 1963 confundenda

80 1996 164 2023 cum
187 1982 227 2023 S.
251 1986 396 2024 sericea
422 1986 499 2025 All.
536 1987 671 2034 calyce
708 1986 914 2034 elongato,
942 1985 1154 2023 seminibus
1179 1997 1256 2023 non
1285 1984 1609 2022 undulato-alatis
1635 1984 1760 2022 diver-

79 2045 244 2082 sissima.

137 2109 213 2150 Ar.
246 2110 406 2161 Geogr.
442 2110 577 2151 Omnis
602 2113 711 2161 regio
741 2113 1025 2149 mediterranea
1051 2113 1087 2149 in
1112 2112 1267 2160 Europa
1292 2116 1330 2150 et
1355 2111 1489 2150 Africa
1511 2112 1672 2150 boreali.

137 2259 188 2302 S.
213 2260 550 2303 Oliveriana
575 2259 687 2315 (Otth
715 2260 757 2301 in
786 2272 851 2302 uc.
886 2260 1033 2302 Prodr.
1064 2261 1097 2310 Ι,
1126 2274 1167 2316 p.
1198 2258 1301 2316 373)
1331 2259 1530 2315 adpresse
1558 2265 1599 2301 et
1624 2258 1762 2301 brevi-

82 2323 145 2359 ter
167 2317 419 2374 pubescenS,
449 2318 641 2362 caulibus
669 2318 820 2360 erectis
846 2319 910 2361 vel
937 2318 1263 2361 ascendentibus
1291 2332 1313 2360 a
1340 2317 1429 2360 basi
1457 2317 1697 2360 dichotome
1725 2323 1766 2360 et

81 2376 422 2418 subdivaricatim
452 2377 648 2429 ramosis,
678 2376 787 2419 foliis
814 2376 1058 2419 lanceolatis
1085 2377 1149 2419 vel
1177 2376 1410 2419 linearibus
1437 2376 1636 2418 omnibus
1663 2390 1763 2418 acu-

80 2433 132 2476 tis
166 2435 243 2476 sub
281 2436 389 2477 lente
426 2435 702 2478 tuberculatis
737 2449 847 2491 saepe
885 2435 1268 2491 glabrescentibus,
1310 2434 1488 2478 floribus
1516 2434 1763 2488 racemosis,

82 2492 262 2536 bracteis
296 2493 593 2550 inaequalibus,
638 2493 888 2550 pedunculis
930 2495 1071 2551 calyce
1114 2493 1401 2541 brevioribus,
1445 2494 1586 2549 calyce
1620 2492 1765 2535 viridi-

82 2550 237 2594 lineato
264 2551 464 2608 adpresse
492 2559 531 2594 et
558 2552 740 2595 breviter
767 2552 878 2595 hirto
905 2566 927 2595 e
955 2552 1044 2594 basi
1072 2552 1316 2595 umbilicata
1350 2551 1767 2608 cylindrico-elavato

84 2609 281 2665 dentibus
324 2611 564 2654 lanceolatis
605 2610 897 2663 acutiusculis,
939 2611 1095 2653 lamina
1121 2611 1214 2653 alba
1243 2611 1390 2653 subtus
1417 2609 1567 2652 virenti
1595 2610 1638 2652 in
1665 2609 1768 2652 laci-

87 2668 177 2710 nias
205 2676 380 2724 anguste
408 2669 856 2726 lineari-spathulatas
883 2669 971 2711 sere
999 2670 1049 2712 ad
1078 2669 1199 2711 basin
1226 2668 1442 2725 bipartita,
1471 2682 1640 2711 coronae
1667 2668 1768 2711 laci-

86 2726 167 2769 niis
207 2727 338 2770 ovatis
380 2728 541 2771 obtusis
584 2729 644 2770 vel
687 2728 840 2771 retusis
858 2763 867 2781 ,
912 2728 1083 2784 capsula
1124 2730 1244 2770 ovata
1286 2727 1553 2784 carpophoro
1595 2726 1769 2769 sublon-

87 2784 205 2840 giore
237 2791 302 2837 Ε).

144 2857 244 2894 Hab.
275 2857 312 2894 in
339 2857 503 2894 desertis
528 2857 685 2895 Arabiae
712 2862 854 2905 petreae
881 2854 1069 2909 (Boiss!)‚
1096 2857 1306 2896 Palaestina
1327 2856 1376 2894 ad
1398 2856 1712 2904 Hierosolymam
1737 2860 1775 2894 et

82 2915 123 2952 in
147 2916 337 2955 descensu
364 2916 413 2954 ad
437 2916 595 2954 Jericho
623 2915 755 2966 (Boiss
774 2917 825 2968 !)‚
850 2917 950 2954 inter
974 2917 1022 2954 El
1046 2916 1181 2965 Arych
1204 2920 1242 2955 et
1262 2915 1369 2955 Gaza
1404 2914 1486 2967 (Ky
1501 2909 1547 2967 l),
1577 2914 1692 2964 Syria
1724 2915 1776 2953 ad
