2021 3235
1028 110 1114 154 242

226 270 241 305 t
269 210 383 318 ΓΗῗΙξ.
406 210 444 248 in
468 210 606 321 Izqrsia
638 212 818 251 orientali
850 213 949 251 inter
974 214 1145 252 Kerman
1173 218 1210 252 et
1230 214 1338 253 Yezd
1364 219 1402 253 et
1425 216 1464 253 in
1491 216 1700 265 Affghania
1724 217 1909 256 occiden-

243 280 294 306 ai
370 281 473 318 unge
491 300 499 308 .
527 299 535 308 .

283 337 414 435 Caplis
448 337 519 378 5-4
545 339 770 388 pollicaris,
792 340 909 379 flores
932 345 1282 392 purpurascentes,
1306 343 1458 392 siliquae
1483 344 1721 382 tenuissimae
1742 339 1828 384 6-8
1853 345 1907 383 li-

223 409 317 436 neas
357 410 482 446 ongae.

279 549 331 593 S.
363 551 869 607 acanthocarpum
897 550 964 607 (F.
996 557 1036 594 et
1061 552 1114 594 M.
1139 551 1266 595 Index
1284 553 1405 596 Hort.
1427 553 1595 610 Petrop.
1628 552 1757 597 1835.
1784 555 1906 598 Linn.

221 607 270 661 X,
301 608 429 651 Liter.
451 608 554 666 463)
584 623 831 663 canescens,
861 609 972 652 foliis
998 610 1193 666 oblongis
1220 611 1414 667 integris,
1434 612 1642 669 pedicello
1661 612 1756 655 ssori
1775 613 1909 671 aequi-

220 666 369 723 longo,
399 667 563 725 siliquis
590 667 821 724 gracilibus
848 675 1004 725 praeter
1034 675 1272 712 tomentum
1300 670 1427 713 breve
1469 670 1569 714 setis
1606 670 1757 727 rigidis
1790 671 1910 716 ssavis

220 738 366 768 earum
402 725 611 769 diametro
644 726 909 783 longioribus
936 726 1084 770 obsitis
1117 727 1161 772 in
1198 729 1354 786 stylum
1385 729 1685 786 longissimum
1713 737 1909 774 attenua-

219 783 288 837 tis,
318 784 525 841 stigmatis
554 785 683 828 ramis
710 785 916 842 elongatis
944 785 1192 830 circinnatis
1219 789 1290 843 (ἐ).

278 856 378 894 Hab.
417 857 454 894 in
488 856 675 894 Armenia
706 857 873 895 Rossica
901 856 1003 894 inter
1039 857 1351 896 Nackitchewan
1389 863 1428 897 et
1461 857 1649 913 Qrdubad
1684 858 1906 911 (Kowall),

216 927 329 963 prov,
358 916 604 965 Aderbidjan
628 916 772 954 Persiae
795 918 879 955 bor.
905 915 1055 965 (Szowl
1084 916 1208 956 Auch.
1236 930 1316 956 exs.
1343 915 1461 957 4107
1478 918 1526 970 l),
1553 929 1678 967 prope
1703 918 1907 957 Schahrud

219 971 430 1029 (Bungel).

276 1044 415 1081 Planta
439 1048 478 1082 ut
501 1044 654 1082 videtur
679 1054 833 1091 semper
855 1043 1002 1091 pumila
1025 1048 1063 1081 et
1086 1044 1351 1093 integrifolia,
1377 1045 1494 1083 flores
1525 1044 1568 1083 S.
1602 1046 1783 1095 torulosi,
1823 1046 1906 1084 sili-

223 1115 308 1151 quae
338 1105 536 1142 tenuiores
563 1115 667 1152 saepe
691 1103 942 1151 bipollicares
963 1104 1056 1141 setis
1080 1115 1182 1152 saepe
1201 1105 1478 1154 sesquilineam
1496 1105 1627 1153 longis
1651 1110 1905 1154 exasperatae.

275 1261 327 1305 S.
358 1261 754 1318 lonqistylum
781 1260 932 1315 <Boiss.
963 1259 1071 1301 Ann.
1103 1258 1167 1302 Sc.
1200 1259 1292 1303 Nat.
1325 1258 1457 1313 1842),
1488 1274 1528 1317 p.
1561 1259 1664 1317 387)
1696 1267 1907 1304 tomento-

217 1334 330 1373 sum,
366 1319 475 1363 soliis
503 1327 680 1376 anguste
708 1318 952 1362 lanceolatis
979 1317 1451 1375 sinuato-pinnatilidis,
1494 1319 1673 1362 floribus
1700 1319 1907 1362 subsessi—

217 1379 346 1432 libus,
392 1378 556 1436 siliquis
598 1377 847 1421 tomentosis
890 1376 1175 1434 eglandulosis
1212 1377 1455 1434 patentibus
1488 1377 1689 1420 tenuibus
1723 1378 1907 1421 arcuatis

216 1438 281 1480 vel
309 1438 498 1480 recurvis
525 1438 568 1480 in
596 1438 747 1494 stylum
774 1436 1071 1493 longissimum
1099 1435 1329 1479 attenuatis
1347 1472 1356 1489 ,
1394 1436 1603 1492 stigmatis
1630 1436 1760 1479 ramis
1789 1437 1906 1479 elon-

218 1496 325 1552 gatis
353 1497 422 1551 (2).

276 1568 377 1605 Hab.
404 1568 442 1604 in
476 1568 612 1606 Persia
635 1565 973 1605 austro-orientali
999 1565 1099 1603 inter
1136 1565 1325 1614 Kerman,
1355 1565 1477 1615 Yezd,
1513 1565 1682 1614 Ispahan
1708 1570 1746 1603 et
1769 1566 1807 1603 in
1839 1566 1907 1603 dc-

219 1630 322 1664 serto
349 1639 470 1675 prope
509 1626 705 1666 Chabbise
741 1618 953 1679 (Bungel),
981 1625 1020 1662 in
1052 1625 1190 1663 Persia
1223 1625 1385 1663 australi
1419 1637 1543 1674 prope
1569 1625 1727 1663 Scliiraz
1753 1623 1905 1677 (Auch.

219 1697 300 1725 exs.
324 1683 444 1726 4169
461 1686 497 1724 N
514 1685 550 1738 l).

277 1753 311 1791 A
334 1754 459 1792 forma
483 1753 736 1802 angustifolia
759 1751 798 1790 S.
823 1751 1028 1801 sulphurei
1059 1751 1284 1789 distinctum
1310 1750 1469 1789 fioribus
1495 1751 1794 1800 subsessilibus‚
1829 1752 1906 1790 sili-

218 1814 304 1862 quis
332 1811 464 1853 10-12
500 1814 565 1852 lin.
592 1814 720 1862 longis
755 1812 957 1861 tenuibus,
984 1811 1088 1859 stylo
1125 1810 1229 1848 tenui
1265 1808 1293 1848 2
1330 1810 1451 1849 lineas
1479 1811 1597 1859 longo
1641 1814 1678 1848 et
1714 1811 1908 1859 stigmatis

216 1874 336 1911 ramis
353 1874 559 1921 elongatis.

276 2023 327 2067 S.
346 2023 912 2078 contortuplicatum
941 2019 1092 2076 (Boiss.
1124 2019 1233 2061 Ann.
1263 2017 1328 2061 Sc.
1360 2019 1452 2062 Nat.
1485 2018 1616 2072 1842,
1646 2033 1687 2076 p.
1709 2018 1811 2074 887)
1838 2033 1906 2062 ca-

217 2095 415 2135 nescens,
445 2081 554 2124 foliis
580 2079 825 2124 lanceolatis
850 2078 1132 2135 pinnatifidis,
1167 2077 1373 2134 pedicello
1401 2077 1550 2120 florem
1577 2078 1780 2135 aequanti,
1820 2077 1907 2121 sili-

218 2139 312 2197 quis
340 2140 537 2184 stellatim
565 2139 785 2196 puberulis
809 2136 1010 2180 brevibus
1038 2136 1269 2179 lateraliter
1298 2136 1636 2193 subcompressis
1664 2144 1778 2180 arcte
1805 2150 1906 2180 con-

217 2198 498 2256 tortuplicatis
530 2199 574 2240 in
608 2199 760 2255 stylum
796 2197 967 2239 brevem
1004 2195 1246 2248 attenuatis,
1291 2194 1501 2250 stigmatis
1528 2195 1658 2238 ramis
1685 2195 1908 2238 abbrevia-

219 2256 272 2300 tis
299 2259 370 2314 &-

247 2344 251 2348 ·
277 2328 378 2366 Hab.
402 2328 441 2365 in
466 2340 574 2375 prov.
602 2325 846 2375 Aderbidjan
871 2317 1030 2375 (Auchi
1062 2323 1170 2361 herb.
1195 2323 1293 2362 Mus.
1330 2324 1454 2375 Pan).

278 2396 311 2433 Ε
334 2396 434 2433 collo
460 2395 683 2433 multicaule
709 2394 883 2432 caulibus
909 2391 1255 2440 procumbentibus
1279 2403 1414 2439 parum
1436 2392 1624 2442 ramosis3
1646 2392 1789 2431 racemi
1806 2391 1907 2431 fruc-

220 2455 322 2492 tiferi
350 2455 521 2504 elongati
544 2455 620 2491 laxi
654 2453 764 2501 nudi,
797 2453 913 2489 flores
939 2463 959 2488 e
985 2451 1152 2488 minimis
1178 2451 1348 2499 generis,
1371 2451 1522 2500 siliquae
1546 2456 1654 2489 arcte
1675 2452 1907 2490 circinnato—

219 2518 405 2552 contortae
438 2514 643 2562 explicatae
674 2512 741 2549 vix
776 2508 883 2552 9-10
915 2511 1037 2548 lineas
1075 2510 1205 2557 longae
1230 2521 1344 2548 secus
1374 2510 1577 2558 placentas
1605 2522 1846 2559 compressae
1872 2514 1912 2548 et

219 2573 389 2611 sulcatae.
413 2573 619 2621 specimen
641 2572 797 2610 unicum
821 2571 901 2608 vidi
926 2573 964 2608 et
988 2569 1198 2617 descripsi.

622 2714 921 2763 LEPTALEUM
956 2713 1040 2775 (lle.
1078 2713 1182 2774 Syst.
1214 2713 1266 2770 ll,
1300 2726 1338 2773 p.
1378 2712 1497 2771 510).

279 2839 427 2897 Sepala
454 2837 633 2881 linearia
656 2842 796 2879 erecta
824 2835 915 2878 basi
941 2833 1136 2891 aequalia.
1183 2832 1324 2875 Petala
1356 2831 1550 2875 linearia.
1595 2830 1783 2874 Stamina
1814 2832 1908 2875 lon-

222 2900 341 2956 giora
368 2911 444 2955 per
470 2896 590 2953 paria
617 2896 740 2951 longe
768 2900 949 2937 connata
976 2905 1087 2949 saepe
1115 2891 1267 2934 abortu
1295 2891 1345 2934 ad
1368 2890 1394 2933 2
1412 2891 1601 2934 reducta.
1632 2889 1788 2946 Siliqua
1810 2889 1908 2932 sub-
