2021 3235
1018 154 1074 199 32

201 243 432 299 fibrilloso,
475 245 587 290 foliis
627 246 885 290 radicalibus
926 247 1023 290 imis
1059 247 1337 291 subrotundis
1367 248 1433 291 vel
1469 247 1890 293 cuneato-ssabellatis

201 303 383 346 dentatis
409 305 472 347 vel
498 304 689 356 trilobis‚
720 305 884 348 caeteris
912 305 956 348 in
982 305 1157 348 lacinias
1185 306 1390 362 oblongas
1416 307 1481 349 vel
1505 306 1691 350 lineares
1724 308 1891 351 decom-

201 362 367 417 posisss,
397 364 515 406 caule
535 363 685 406 humili
713 362 790 405 1-3
816 362 940 416 ssoro,
968 364 1119 420 petalis
1137 364 1343 417 obovatis,
1373 365 1489 422 spica
1515 365 1736 409 fructifera
1752 373 1891 410 ovato-

200 420 382 477 oblonga
409 422 603 478 carpellis
630 422 761 464 ovatis
787 422 1087 479 puncticulatis
1113 421 1156 464 in
1183 429 1370 466 rostrum
1396 423 1572 466 dimidio
1590 424 1760 469 brevius
1787 426 1888 469 sub-

200 486 551 536 recurvo-patens
593 480 849 523 abeuntibus
894 488 954 529 26.
995 480 1046 523 R.
1092 481 1333 535 flabellalus
1368 482 1428 524 Fl.
1468 481 1601 525 Graec.
1647 484 1732 527 tab.
1779 484 1878 528 520.

200 537 364 582 Griseb.
397 537 506 595 Spic.
538 539 568 581 l.
600 553 640 595 p.
673 537 771 581 305.
810 538 861 580 R.
891 539 1108 581 Asiaticus
1139 539 1235 581 Bor.
1268 546 1309 582 et
1333 539 1406 582 Ch.
1437 540 1497 582 Fl.
1543 541 1686 598 Pelop.
1717 557 1803 586 non
1838 543 1884 586 L.

260 609 360 646 Hab.
388 609 424 646 in
450 609 614 646 collibus
638 608 752 645 siccis
769 608 887 645 totius
907 606 1097 646 Graeciae!
1117 608 1316 647 Thraciae!
1336 608 1548 657 Cycladum
1566 608 1752 663 (Orphl),
1767 611 1891 661 Cretae

201 666 324 720 (Siebl
366 665 554 718 Heldrl),
595 666 790 715 Bithyniae
829 666 1013 716 (Frivt),
1057 666 1177 715 Cypri
1222 667 1375 719 (Ky!)‚
1413 668 1536 716 Syriae
1559 669 1598 706 in
1620 670 1810 719 lapidosis
1835 673 1890 710 ad

199 727 354 776 Aleppo
381 727 650 778 (Haussknl),
677 726 816 764 Libani
850 729 960 774 parte
999 726 1174 764 inferiori
1199 731 1237 765 et
1261 727 1489 765 Antilibano
1526 740 1652 778 prope
1683 730 1890 781 Rascheya

199 786 321 837 (Gaill
338 788 345 824 Σ
361 784 390 837 ).
417 786 477 824 Fl.
501 797 606 824 vere.

257 856 371 894 Folia
394 855 472 893 ima
493 855 722 902 subintegra
746 853 939 891 interdum
977 853 1173 891 deficiunt.
1201 853 1342 892 Forma
1371 853 1585 894 Orientalis
1620 856 1815 906 Europeae
1840 859 1889 897 si-

197 917 299 955 milis
324 919 383 953 est
399 914 526 964 magis
548 925 664 963 quam
689 913 872 951 varietati
894 913 1105 961 flabellatae
1133 912 1191 963 (R.
1217 913 1417 962 flabellato
1443 915 1583 966 Desf.)
1609 916 1647 953 in
1674 919 1753 965 qua
1776 918 1888 956 indu-

198 980 367 1015 mentum
390 975 514 1023 magis
537 973 768 1022 adpressum
792 975 831 1012 et
854 973 1028 1021 carpella
1049 973 1208 1012 brevius
1231 977 1402 1012 rostrata
1426 978 1528 1013 sunt.

256 1042 333 1081 Ar.
357 1042 519 1092 Geogr.
542 1041 704 1089 Europa
727 1040 924 1086 australis,
948 1040 1085 1080 Africa
1106 1042 1293 1080 borealis.

557 1141 601 1185 ><
640 1142 685 1187 ><
724 1139 837 1177 Folia
860 1140 1051 1178 radicalia
1074 1141 1384 1189 palmatilobata.

270 1286 331 1328 R.
375 1285 642 1329 Creticus
685 1283 754 1339 (L.
792 1283 862 1341 Sp.
902 1283 1014 1341 775)
1051 1285 1194 1342 patule
1231 1292 1273 1329 et
1311 1286 1498 1330 molliter
1528 1286 1727 1340 villosus;
1765 1286 1886 1330 fibris

197 1342 645 1401 oblongo-cylindricis
671 1342 894 1399 elongatis,
914 1343 1026 1386 foliis
1052 1343 1310 1387 radicalibus
1337 1345 1488 1402 amplis
1515 1345 1763 1388 orbiculatis
1789 1345 1886 1388 sinu

197 1403 280 1445 lato
307 1401 491 1444 cordatis
517 1401 757 1444 transverse
799 1401 1024 1445 latioribus
1058 1402 1336 1446 circumcirca
1376 1404 1526 1447 obtuse
1561 1404 1738 1456 Iobatis,
1768 1404 1886 1447 caule

197 1473 365 1503 ramoso
393 1459 641 1513 multissoro,
671 1459 787 1516 spica
813 1460 1001 1503 breviter
1030 1464 1151 1504 ovata
1191 1462 1386 1519 carpellis
1413 1476 1888 1521 papyraceo-compres-

195 1519 253 1562 sis
280 1518 481 1561 brevibus
507 1518 639 1562 ovatis
666 1518 709 1560 in
737 1525 923 1561 rostrum
949 1519 1076 1563 breve
1093 1519 1603 1564 uncinato-circinnatum
1630 1520 1888 1565 abeuntibus

204 1585 265 1626 26.
305 1577 359 1620 Ic.
389 1576 637 1627 Clus.‚Hist.
668 1577 700 1619 I.
731 1591 772 1634 p.
805 1576 906 1631 239,
931 1577 1001 1635 fig.
1033 1579 1063 1621 Ι.

253 1649 354 1686 Hab.
393 1648 430 1685 in
471 1648 715 1697 rupestribus
763 1647 890 1686 Cretae
924 1648 1120 1700 (Siebt),
1159 1660 1270 1687 mons
1308 1650 1465 1689 Malaxa
1504 1662 1629 1699 prope
1668 1649 1886 1700 Cydoniam

220 1708 368 1745 Heldr!
407 1737 416 1746 .

194 1706 209 1758 (
252 1774 364 1812 Folia
386 1707 462 1814 {³4
486 1775 651 1823 pollices
674 1774 766 1813 lata.
790 1773 924 1813 Caulis
952 1772 1026 1814 1-2
1051 1774 1216 1824 pedalis.
1240 1775 1360 1825 Spica
1380 1773 1454 1816 6-7
1479 1776 1547 1814 lin.
1571 1776 1705 1827 longa,
1732 1774 1759 1815 5
1791 1776 1884 1814 lata.

557 1879 596 1918 ><
639 1879 676 1918 ><
718 1875 762 1920 ><
794 1873 908 1912 Folia
929 1874 1120 1912 radicalia
1142 1874 1352 1923 tripartita.

249 2016 311 2059 R.
342 2014 654 2060 Cadmicus
683 2013 834 2069 (Boiss.
865 2013 1014 2070 Diagn.
1037 2013 1126 2058 Ser.
1158 2014 1189 2056 Ι.
1221 2014 1252 2057 Ι.
1283 2028 1325 2071 p.
1366 2012 1450 2071 65)
1478 2013 1766 2069 glabrescens,
1786 2025 1884 2069 gru-

190 2074 271 2118 mis
297 2073 508 2129 oblongis.
538 2073 649 2116 soliis
676 2072 933 2116 radicalibus
950 2073 1113 2116 ambitu
1132 2071 1379 2116 orbiculatis
1403 2072 1468 2115 vel
1494 2078 1733 2115 transverse
1751 2071 1883 2114 ovatis

189 2132 421 2189 segmentis
448 2132 599 2175 obtuse
634 2131 787 2174 Iobatis
819 2132 884 2174 vel
920 2131 1089 2184 incisis,
1119 2131 1238 2175 caule
1265 2131 1415 2174 humili
1454 2129 1532 2173 1-5
1563 2130 1687 2173 floro.
1727 2129 1882 2187 sepalis

187 2191 369 2248 glabris,
398 2191 549 2248 petalis
575 2190 789 2243 obovatis,
828 2189 944 2247 spica
970 2193 1091 2234 ovata
1117 2190 1312 2247 carpellis
1339 2189 1471 2234 ovatis
1498 2188 1542 2231 in
1569 2196 1756 2233 rostrum
1783 2188 1881 2231 bre-

186 2250 408 2294 vissimum
435 2249 552 2307 apice
585 2249 890 2292 subcurvatum
918 2248 1176 2292 abeuntibus
1213 2256 1250 2298 26
1266 2283 1274 2291 .

243 2322 345 2359 Hab.
370 2321 409 2358 in
431 2321 592 2370 regione
616 2320 748 2368 alpina
769 2319 894 2359 Oariae
915 2320 954 2357 in
979 2318 1126 2358 Cadmo
1151 2331 1270 2369 supra
1287 2318 1420 2369 Geyra
1446 2316 1488 2371 (B
1498 2318 1578 2356 oiss
1593 2319 1600 2356 l
1614 2317 1643 2369 ).
1665 2317 1725 2357 Fl.
1743 2317 1876 2356 Junio.

244 2390 412 2428 Habitus
431 2388 480 2428 R.
501 2389 724 2440 polyrrhizz‘
746 2392 785 2427 et
808 2389 979 2439 demissi,
1002 2388 1097 2427 folia
1123 2389 1239 2429 diam.
1264 2391 1413 2428 tantum
1440 2386 1596 2428 5-71111.
1620 2388 1715 2426 lata.
1738 2386 1880 2426 Caules

185 2448 348 2496 fragiles
372 2446 451 2489 5-4
475 2449 708 2498 pollicares,
734 2447 853 2497 Spica
873 2449 960 2497 piso
988 2448 1203 2496 submajor.

244 2513 289 2566 β.
324 2509 529 2568 Cyprius.
558 2510 730 2555 Grumae
757 2510 1225 2569 oblongo-cylindricae,
1244 2510 1391 2568 petioli
1408 2510 1500 2554 basi
1528 2509 1664 2567 magis
1694 2508 1872 2553 dilatati.

245 2581 346 2619 Hab.
371 2581 410 2618 in
437 2592 586 2619 summo
611 2584 740 2619 monte
766 2580 947 2618 Troodos
971 2580 1092 2629 Cypri
1118 2579 1201 2631 (Ky
1225 2591 1306 2618 exs.
1335 2578 1476 2631 7191)

259 2717 320 2759 R.
359 2716 804 2772 Sprunerianus
846 2715 1004 2771 (Boiss.
1035 2715 1184 2772 Diagn.
1215 2714 1304 2759 Ser.
1335 2715 1366 2758 Ι.
1407 2715 1438 2758 1.
1469 2728 1511 2772 p.
1542 2713 1625 2772 64)
1664 2714 1873 2766 hirsutus,

184 2774 305 2816 fibris
347 2773 613 2839 cylindricis,
644 2774 755 2816 soliis
782 2773 1039 2817 radicalibus
1066 2773 1228 2816 ambitu
1269 2773 1518 2816 orbiculatis
1558 2773 1650 2816 basi
1691 2771 1876 2815 cordatis

184 2832 408 2889 tripartitis
434 2831 738 2889 partitionibus
765 2831 917 2875 obtuse
941 2832 1094 2875 Iobatis
1120 2831 1374 2875 intermedia
1399 2834 1594 2884 cuneata,
1615 2831 1734 2874 caule
1761 2830 1875 2873 diva-

184 2890 352 2933 ricatim
381 2904 569 2945 ramOSO,
597 2890 713 2947 spica
739 2890 923 2946 oblonga
948 2890 1145 2947 carpellis
1161 2890 1499 2947 triangularibus
1520 2889 1756 2933 tuberculis
1779 2887 1876 2946 pili-
