2021 3235
948 165 1025 208 901

147 256 307 298 bricata
347 256 564 299 rarissime
600 257 783 308 Valvata,
821 256 958 298 rarius
992 256 1122 298 nulla.
1161 255 1347 298 Stamina
1381 257 1528 312 petalis
1557 257 1739 300 isomera
1767 259 1829 301 vel

145 314 299 370 saepius
317 314 459 370 dupla,
480 314 712 371 saepissime
740 314 852 357 intus
880 314 1113 371 squamulis
1132 322 1267 357 aucta.
1300 314 1497 357 Ovarium
1518 316 1702 358 lobatum
1725 317 1830 359 lobis

144 387 324 415 numero
351 374 592 429 sepalorum
621 373 760 415 rarius
780 373 991 430 pluribus,
1020 372 1145 415 loculi
1164 372 1482 429 Q-ptmiovulati
1503 374 1718 417 rarissime
1738 375 1831 417 uni-

144 431 316 483 ovulati,
346 444 444 474 raro
471 431 636 473 isthmis
665 431 913 474 transversis
941 431 1144 483 locellati,
1180 432 1303 474 ovula
1331 439 1533 488 anatropa
1563 433 1743 489 pendula
1771 435 1830 491 v-el

144 489 430 533 ascendentia.
475 489 613 547 Stylus
655 490 806 532 unicus
835 504 856 533 e
885 490 1023 533 medio
1052 489 1264 542 lohorum,
1296 490 1434 533 rarius
1462 491 1555 547 styli
1585 491 1636 543 5,
1681 489 1833 547 stigma

145 548 334 605 simplex.
366 547 544 591 Fructus
583 549 642 590 vel
677 549 910 605 capsularis
938 548 1139 605 septicide
1173 549 1396 591 dehiscens
1434 550 1497 592 vel
1524 550 1662 592 coccis
1689 550 1741 592 ab
1769 551 1832 592 axi

144 607 316 650 demum
361 607 507 649 solutis
549 613 764 659 constans,
798 607 1013 650 rarissime
1047 608 1285 663 drupaceus
1313 608 1531 663 putamine
1560 608 1829 651 uniloculari.

146 665 314 708 Semina
341 665 609 708 albuminosa
629 666 688 707 vel
708 666 1043 709 exalbuminosa.
1066 666 1252 723 Embryo
1272 675 1429 718 rectus,
1454 666 1642 709 radicula
1661 681 1829 723 supera.

145 750 202 754 —
228 723 380 766 Herbae
409 725 470 766 vel
498 723 738 767 suffrutices
767 724 876 766 soliis
904 724 1114 781 stipulatis
1142 738 1225 767 non
1254 725 1733 782 glanduloso-punctatis
1761 740 1834 768 sae-

146 781 318 839 pissime
346 782 606 839 compositis.

656 964 730 1007 TR.
776 964 806 1006 Ι.
844 964 1318 1009 EUZYGOPHYLLEAE.

205 1088 319 1131 Folia
345 1087 538 1145 opposita
566 1087 721 1146 saepius
749 1088 997 1145 composita.

175 1273 221 1310 A.
273 1273 445 1321 Embryo
471 1273 804 1311 exalbuminosus.
833 1273 998 1312 Fructus
1024 1274 1060 1310 in
1092 1275 1266 1322 cai-pella
1291 1275 1576 1314 indehiscentia.
1600 1277 1802 1314 secedens.

663 1438 913 1486 TRtBtJLUS
947 1438 1012 1500 (t.
1049 1438 1146 1487 Gen.
1187 1438 1312 1500 532).

203 1592 350 1649 Sepala
377 1592 416 1634 Γ).
458 1592 598 1635 Petala
625 1591 650 1634 5
678 1591 844 1647 fugacia
871 1592 1073 1649 patentia.
1114 1592 1260 1635 Discus
1289 1593 1521 1635 annularis.
1562 1593 1750 1636 Stamina
1786 1595 1833 1636 10

146 1650 285 1693 rarius
312 1650 338 1693 5
365 1651 453 1694 basi
483 1650 586 1694 disci
614 1650 790 1699 inserta,
821 1665 868 1693 ea
896 1651 1044 1707 petalis
1071 1653 1232 1694 alterna
1260 1651 1454 1694 breviora
1474 1651 1565 1694 basi
1584 1651 1696 1694 intus
1714 1653 1833 1707 glan-

144 1710 242 1752 dula
272 1709 491 1752 instructa.
524 1709 722 1752 Ova1·ium
751 1709 917 1759 sessile,
959 1710 1018 1765 <in
1049 1710 1221 1763 nostris)
1260 1710 1640 1767 quinqueloculare
1685 1710 1833 1753 loculis

145 1776 384 1811 transverse
425 1768 643 1811 locellatis.
699 1767 833 1824 Stylus
875 1769 916 1820 l,
961 1768 1111 1825 stigma
1154 1769 1574 1825 quinqueradiatum.
1619 1769 1749 1812 Ovula
1791 1769 1833 1811 in

143 1827 291 1870 loculis
319 1826 390 1869 1-5
416 1826 699 1884 superposita.
745 1825 923 1870 Fructus
951 1827 1065 1870 cocci
1094 1827 1202 1870 ossei
1244 1828 1370 1870 dorso
1412 1827 1570 1884 spinosi
1615 1829 1675 1870 vel
1718 1828 1828 1871 alati.

145 1912 201 1915 —
235 1885 383 1928 Herba)
422 1900 575 1929 annuae
618 1892 837 1943 prostrata}
880 1887 968 1928 laxe
1014 1900 1216 1939 ramosae,
1259 1886 1437 1929 floribus
1478 1886 1520 1928 in
1563 1886 1833 1929 dichotomiis

145 1943 236 1987 sitis
264 1945 322 1986 vel
353 1944 617 1998 axillaribus,
653 1944 762 1987 foliis
799 1944 977 2002 abrupte
1013 1945 1198 2003 pinnatis
1231 1944 1405 1989 alterius
1433 1945 1583 1988 abortu
1616 1945 1832 1988 interdum

145 2002 335 2046 alternis.

204 2163 292 2205 Tr.
321 2163 774 2206 bimucronatus
804 2162 909 2219 (Viv.
942 2163 1038 2206 Dec.
1070 2165 1126 2221 pl.
1158 2165 1250 2220 AEg.
1282 2179 1377 2222 pag.
1409 2164 1460 2217 9,
1500 2165 1582 2208 tab.
1616 2164 1665 2218 02,
1706 2166 1775 2222 fig.
1807 2165 1834 2209 4

146 2220 348 2277 pessima)
387 2221 647 2276 pentandrus
685 2221 823 2264 rarius
859 2222 1125 2275 decandrus,
1163 2223 1362 2279 adpresse
1390 2236 1647 2276 canescens,
1682 2224 1841 2281 petalis.

149 2278 336 2321 obovatis
363 2279 503 2336 calyce
532 2279 895 2334 sublongioribus,
925 2280 1117 2337 stigmate
1146 2281 1326 2337 capitato
1355 2282 1416 2324 vel
1444 2290 1564 2325 ovato
1582 2283 1687 2340 stylo
1705 2282 1833 2339 aaqui-

149 2338 274 2392 longo
301 2337 364 2379 vel
391 2337 600 2393 longiore,
630 2337 824 2394 carpellis
851 2338 1049 2395 adpresse
1077 2338 1200 2381 hirtis
1226 2341 1287 2383 vel
1316 2339 1432 2383 canis
1450 2341 1576 2383 dorso
1595 2342 1833 2384 rotundatis

151 2409 306 2451 rugoso
324 2420 342 2426 -
360 2396 652 2440 scrobiculatis
680 2396 1015 2453 quadrispinosis
1049 2398 1181 2454 spinis
1209 2397 1483 2441 inferioribus
1511 2399 1561 2442 ad
1592 2399 1833 2443 tuberculos

150 2467 261 2510 saepe
291 2454 474 2497 reductis
498 2461 563 2506 Q).
602 2455 669 2497 Tr.
699 2456 964 2511 pentandrus
995 2456 1140 2499 Forsk.
1173 2456 1313 2500 Descr.
1336 2471 1375 2513 p.
1399 2456 1453 2501 802
1471 2458 1504 2500 ἶ).
1541 2458 1610 2500 Tr.
1632 2457 1834 2501 Sinaicus

151 2511 281 2555 Boiss.
320 2512 468 2569 Diagn.
501 2513 590 2556 Ser.
623 2514 664 2561 1,
703 2513 817 2565 Vlll,
849 2528 886 2570 p.
919 2514 1018 2557 1120.
1065 2515 1133 2557 Tr.
1164 2516 1341 2571 spurius
1376 2524 1415 2558 et
1453 2516 1523 2558 Tr.
1554 2513 1834 2559 intermedias

153 2570 294 2613 Kralik
322 2572 428 2614 Ann.
459 2571 524 2615 Sc.
556 2572 649 2616 Nat.
679 2572 768 2615 Ser.
802 2572 872 2625 lll,
900 2573 971 2625 xl,
1001 2588 1040 2630 p.
1073 2572 1142 2617 28.

211 2642 309 2680 Hab.
347 2643 383 2680 in
411 2644 566 2681 deserto
592 2644 759 2682 Arabico
786 2644 884 2680 inter
907 2643 1096 2682 Kahiram
1124 2649 1162 2682 et
1183 2644 1283 2682 Suez
1315 2648 1352 2682 et
1386 2645 1423 2682 in
1448 2645 1615 2683 vallibus
1641 2645 1836 2683 Sinaiticis

159 2701 354 2752 (Boiss!)‚
383 2702 418 2739 in
458 2703 634 2751 AEgypto
676 2704 867 2751 superiori
908 2716 1030 2753 prope
1068 2703 1235 2752 Syenem
1274 2697 1511 2753 (Figartt),
1551 2705 1588 2741 in
1630 2704 1839 2752 Affghania

157 2759 286 2812 (Grifft
304 2766 329 2808 ).
350 2761 406 2799 Fl.
434 2774 539 2799 vere.

217 2828 354 2866 Facies
382 2829 438 2867 Tr.
475 2829 666 2868 terrestris
697 2829 765 2867 sed
792 2829 997 2867 distinctus
1034 2829 1174 2876 petalis
1209 2829 1434 2877 latioribus,
1462 2830 1643 2878 stigmate
1669 2831 1839 2878 capitato

158 2889 259 2935 stylo
283 2889 537 2926 subbreviore
574 2901 645 2926 nec
679 2888 923 2936 pyramidato
941 2918 949 2933 ,
978 2889 1080 2936 stylo
1110 2889 1334 2932 manifesto,
1361 2889 1543 2937 carpellis
1570 2889 1685 2926 dorso
1710 2895 1838 2926 rotun-

159 2947 259 2984 datis
283 2959 354 2986 neo
380 2949 551 2987 carinato
574 2948 756 2987 cristatis.
793 2946 985 2985 Numerus
1011 2948 1215 2985 staminum
1242 2947 1443 2986 variabilis
1470 2952 1541 2986 est.
1568 2947 1752 2999 Suspicor
1781 2950 1840 2990 Tr.
