2021 3235
872 85 955 131 509

71 182 201 226 ovalis
227 182 269 224 in
298 181 446 224 aristas
474 180 656 223 virentes
684 180 900 223 subulatas
928 181 1111 237 calycem
1145 189 1362 237 aequantes
1398 182 1567 225 tandem
1606 197 1757 239 squar-

69 247 374 297 roso-patentes
396 239 639 289 attenuatis,
670 238 823 295 calycis
851 238 1049 281 (lentibus
1077 239 1117 281 in
1147 240 1365 296 cuspidem
1396 241 1564 283 mollem
1593 241 1756 283 abeun-

70 299 196 352 tibus,
226 298 383 341 lamina
410 301 531 341 rosea
560 297 779 339 barbulata
808 297 989 353 oblonga
1022 303 1088 349 Θ.

126 370 225 407 Hab.
252 370 289 407 in
328 369 442 407 siccis
473 368 663 417 lapidosis
698 368 854 406 Tauriae
891 364 995 420 (ΜΒ.
1036 367 1205 422 Stev!),
1243 381 1351 417 prov.
1392 369 1753 408 Ciscaucasicarum

69 427 207 482 (Hohl)
238 434 273 466 et
298 428 720 466 Transcaucasicarum
746 428 782 464 in
806 428 934 466 Iberia
957 434 995 466 et
1019 428 1243 467 Somohetia
1265 422 1409 477 (Wilh!
1441 429 1575 468 Eichw
1592 430 1636 479 Ι).

127 495 397 543 Semipedalis,
424 496 552 532 aristae
576 506 823 542 squamarum
848 495 1094 533 tenuissimae.

126 562 202 604 Ar.
220 568 381 613 Geogr.
408 563 549 601 Rossia
573 563 768 600 australis.

637 716 657 773 5
689 715 730 759 5.
767 717 1167 762 carthusiani.

124 843 146 865 ἦε
179 843 373 881 Involucri
397 842 534 891 phylla
558 843 670 891 apice
696 842 981 881 subherbaeea.
1007 864 1061 872 —
1094 843 1257 893 Species
1286 845 1387 882 inter
1410 844 1511 883 hanc
1536 857 1698 894 gregem

597 913 636 948 et
659 910 945 958 praecedentem
969 910 1221 949 intermediae.

126 1031 185 1073 D.
212 1028 480 1074 viscidus
518 1028 644 1086 (Bm-y
673 1035 714 1072 et
739 1028 897 1071 Cliaub.
930 1027 990 1070 Fl.
1023 1029 1126 1071 Mor.
1159 1027 1231 1081 26,
1263 1029 1347 1072 tab.
1381 1030 1453 1083 13,
1483 1031 1509 1073 f.
1545 1031 1587 1088 1)
1616 1031 1756 1076 virens

68 1087 556 1145 cespitoso-mullicaulis
600 1086 1082 1143 pubescenti-viscidus‚
1128 1087 1270 1130 radice
1315 1088 1518 1145 simplici,
1564 1091 1758 1134 caulibus

69 1146 413 1197 ascendentibus,
458 1145 567 1189 foliis
594 1145 781 1189 flaccidis
809 1144 1044 1188 linearibus
1072 1146 1310 1200 trinerviis,
1354 1148 1517 1204 vaginis
1558 1149 1758 1193 brevibus

68 1205 256 1258 nodosis,
300 1204 478 1248 floribus
520 1204 598 1247 2-ss
632 1204 1089 1260 fasciculam—capitalis
1117 1204 1259 1247 rarius
1287 1205 1505 1260 solitariis,
1550 1207 1758 1251 involucri

68 1263 219 1321 phyllis
246 1270 290 1306 ut
318 1269 359 1306 et
385 1277 571 1320 squamae
601 1270 819 1320 quaterna}
846 1262 1039 1318 oblongae
1075 1263 1414 1307 membranaceis
1450 1266 1618 1323 pallidis
1655 1267 1756 1309 sub-

70 1322 252 1365 enerviis
280 1321 517 1365 subinflatis
544 1322 586 1364 in
614 1322 764 1365 aristas
793 1328 941 1364 tenues
970 1335 1079 1378 saepe
1108 1322 1423 1366 subherbaceas
1451 1326 1636 1382 calycem
1655 1325 1755 1368 sub-

69 1388 284 1437 aequantes
325 1381 388 1423 vel
430 1380 646 1423 breviores
688 1381 866 1436 abrupte
909 1380 1163 1434 attenuatis,
1207 1381 1358 1438 calycis
1394 1383 1592 1426 dentibus
1631 1385 1757 1440 longe

70 1439 268 1492 aristatis,
297 1438 454 1482 lamina
480 1443 695 1496 purpurea
723 1439 946 1481 barbulata
963 1439 1347 1495 causato-oblonga
1365 1441 1662 1497 paucidentata
1691 1450 1750 1492 26.

71 1497 121 1539 D.
142 1498 364 1554 pubescens
390 1511 477 1540 var.
508 1498 786 1554 fasciculat'zcs
814 1497 980 1540 Griscb.
1012 1496 1154 1554 Spicil.

130 1568 230 1607 Hah.
270 1569 308 1607 in
344 1569 514 1617 sylvosis
548 1573 585 1606 et
618 1568 850 1615 graminosis
878 1567 1060 1604 montium
1092 1567 1275 1615 Graeciae,
1305 1568 1511 1618 Taygetus
1535 1574 1571 1607 et
1598 1571 1752 1610 Malevo

71 1627 252 1666 Laconiae
290 1625 445 1681 (Boryl
485 1628 622 1665 Heldr!
667 1624 852 1678 Orphl),
888 1626 1059 1664 Arcadia
1094 1628 1143 1665 ad
1182 1628 1308 1665 lacum
1341 1627 1524 1667 Pheneon
1548 1627 1752 1684 (Heldrl),

71 1691 220 1725 montes
258 1687 414 1725 OEtoliae
444 1684 623 1734 (Heldr!
663 1687 782 1724 Herb.
818 1686 954 1724 Norm.
991 1684 1152 1738 6571),
1180 1687 1401 1725 Parnassus
1436 1686 1578 1740 (Orph!
1616 1690 1752 1729 Heldr.

70 1746 187 1784 Herb.
217 1746 352 1784 Norm.
371 1744 427 1786 57
453 1747 525 1785 sub
549 1747 597 1784 D.
626 1745 891 1795 Parnassico)‚
910 1757 1019 1783 mons
1036 1745 1180 1795 Delphi
1199 1746 1344 1784 Eubeae
1358 1746 1499 1794 (Auch.
1524 1760 1592 1786 exs
1609 1747 1698 1789 499
1714 1747 1751 1802 Ξ),

70 1805 127 1842 Fl.
153 1808 234 1843 aest.

127 1872 266 1911 Oaules
290 1871 424 1912 10-12
441 1873 649 1921 pollicares
674 1884 777 1922 saepe
806 1873 1024 1920 longiores,
1051 1873 1183 1921 petala
1207 1874 1398 1911 interdum
1425 1875 1752 1916 albo—maculata.

68 1932 227 1981 Species
253 1933 425 1981 squamis
449 1933 609 1970 laevibus
636 1933 778 1970 teneris
802 1932 1016 1970 subinflatis
1041 1933 1128 1970 oleo
1156 1933 1268 1981 quasi
1292 1933 1455 1972 illinitis.

125 1998 170 2051 β.
201 1995 502 2038 Parnassicus.
533 1995 726 2052 Squamae
754 1994 817 2038 vix
844 1994 998 2037 inflatae
1027 1994 1070 2037 in
1098 1994 1270 2038 aristam
1291 1995 1351 2038 eis
1370 1997 1496 2054 triplo
1514 1998 1755 2043 breviorem

67 2054 284 2097 abeuntes.
316 2054 369 2097 D.
394 2053 642 2110 Olympicus
670 2053 801 2097 Boiss.
832 2053 981 2109 Diagn.
1013 2052 1102 2096 Ser.
1135 2054 1168 2108 I,
1199 2054 1232 2108 I,
1262 2068 1302 2111 p.
1334 2053 1388 2097 19
1416 2070 1502 2099 non
1530 2056 1664 2101 Sibth.
1697 2059 1750 2102 D.

66 2112 350 2156 Parnassicus
377 2112 510 2155 Boiss.
541 2119 582 2155 et
607 2112 752 2155 Heldr.
784 2112 932 2169 Diagn.
963 2110 1052 2155 Ser.
1086 2112 1140 2166 ΙΙ,
1171 2112 1204 2166 Ι,
1232 2127 1273 2170 p.
1306 2112 1376 2155 64.

123 2184 224 2222 Hab.
260 2184 299 2221 in
330 2184 487 2233 pascuis
525 2184 696 2231 regionis
734 2184 916 2222 abietinae
950 2183 1135 2221 Parnassi
1169 2178 1332 2236 (Heldrl
1372 2183 1556 2238 Orph!),
1596 2187 1754 2238 Olympi

65 2242 246 2281 Thessali
272 2242 413 2294 (Auch.
442 2255 522 2281 exs.
550 2240 701 2294 5091).

124 2310 267 2349 Forma
290 2322 364 2349 non
391 2311 662 2349 confundenda
689 2323 774 2349 cum
800 2310 844 2348 D.
868 2310 1090 2359 corymboso
1115 2311 1228 2360 cujus
1251 2311 1391 2349 faciem
1410 2312 1539 2352 habet.

123 2397 163 2437 y.
199 2374 476 2440 Grisebachii.
507 2375 1038 2440 Glanduloso-pubescens,
1068 2377 1210 2419 caules
1236 2376 1408 2433 pumili,
1436 2377 1563 2423 flores
1593 2380 1657 2424 1-3
1674 2381 1753 2426 sas-

65 2433 249 2487 ciculatl,
294 2435 411 2491 calyx
446 2434 883 2491 viscldo-pubescens,
929 2447 1116 2491 squamae
1147 2435 1342 2478 subbinae
1377 2436 1590 2493 adpressae
1624 2440 1753 2484 arista

66 2495 229 2535 setacea
255 2492 535 2547 longiuscula.
575 2493 628 2535 D.
662 2494 985 2549 pseuclarmeria
1010 2507 1098 2536 var.
1129 2494 1316 2537 viscidus
1342 2493 1508 2553 Griseh.
1541 2496 1683 2554 Spicil.
1719 2499 1750 2552 l,

67 2564 105 2607 p.
137 2549 235 2594 188.
267 2550 318 2592 D.
347 2550 613 2594 Grisebachii
640 2551 771 2594 Boiss.
802 2550 950 2607 Diagn.
983 2551 1073 2595 Ser.
1106 2551 1159 2605 ΙΙ,
1190 2553 1222 2606 Ι,
1251 2567 1293 2610 p.
1326 2550 1395 2594 62.

123 2613 224 2651 Hab.
250 2613 287 2650 in
321 2616 564 2661 rupestribus
590 2614 842 2662 Macedoniae,
875 2613 1042 2653 Orbelus
1069 2626 1179 2653 mons
1214 2616 1265 2653 ad
1288 2614 1497 2655 Kustendil
1527 2614 1748 2671 (Griseb!)‚

65 2672 114 2710 ad
137 2672 286 2710 Strazin
306 2665 471 2724 (Fridl),
497 2673 546 2710 ad
571 2673 714 2711 Bitolia
738 2673 865 2723 (Orph
881 2670 925 2725 !).

122 2808 181 2851 D.
198 2808 663 2863 Tymphresteus
690 2808 852 2863 &Heldr.
883 2815 923 2850 et
948 2807 1056 2851 Sari..
1089 2809 1132 2852 in
1160 2810 1292 2853 Boiss.
1322 2811 1471 2868 Diagn.
1493 2812 1583 2856 Ser.
1608 2813 1661 2866 ΙΙ,
1681 2814 1750 2867 Vl,

64 2878 104 2921 p.
136 2864 209 2922 27>
236 2865 378 2909 virens
404 2864 639 2923 cespitosus
665 2866 1187 2923 pubescenti-visoidulus,
1217 2868 1360 2912 radice
1386 2870 1586 2928 simplici,
1616 2872 1750 2916 cauli-
