2021 3235
929 159 1005 202 771

619 350 641 371 ÷÷
674 350 696 372 ÷÷
729 350 751 372 ÷÷
784 351 921 389 Flores
946 360 1076 399 plures
1102 354 1328 399 pentameri.

194 487 248 529 T.
275 485 490 529 florida
527 485 689 541 (Bunge
716 487 794 528 loc.
826 487 895 529 cit.
928 501 967 543 p.
999 486 1072 543 37)
1111 488 1258 542 glauca
1285 489 1447 543 glabra,
1478 491 1584 533 foliis
1612 493 1811 547 amplexi-

138 544 329 588 caulibus
355 544 415 586 vel
445 544 928 601 semiamplexicaulibus
957 547 1035 587 late.
1069 546 1199 588 ovatis
1233 561 1255 588 a
1293 547 1430 589 meslio
1467 550 1627 591 adimus
1664 551 1813 591 decur-

137 602 329 646 rentibus
357 602 948 659 cartilagineo—marginatis,
994 603 1172 646 racemis
1213 605 1484 648 creberrimis
1526 608 1816 663 pmlunrulatis

138 661 257 714 laxis,
285 660 467 704 bracteis
494 662 575 704 late
601 661 734 704 ovatis
761 662 893 704 acutis
920 661 1135 718 pedicellis
1163 663 1421 706 brevissimis
1444 665 1721 720 longioribus,
1752 680 1817 721 pe-

138 719 230 762 talis
257 719 607 785 ovalo-oblongis
635 720 974 772 conniventibus,
1019 720 1242 763 filamentis
1272 721 1502 764 linearibus
1533 724 1641 765 inter
1668 738 1818 765 crenus

139 777 243 821 disci
270 776 324 820 10
351 777 511 820 crenati
540 778 727 830 insertis,
756 778 870 835 stylis
897 777 923 821 3
949 778 1138 821 obovatis
1167 779 1427 822 brevissimis
1460 787 1498 831 ἓ).
1551 781 1594 822 T.
1625 783 1818 835 ‘incussa'-

138 837 246 892 folia
272 835 404 878 Boiss.
435 835 478 878 in
506 836 566 893 ΚΥ
596 836 654 878 Pl.
687 836 803 879 Pers.
836 844 966 880 austr.
997 851 1082 879 non
1112 837 1263 880 Ledeb.

199 906 299 943 Hah.
333 906 369 943 in
396 906 532 943 Persia
556 907 733 943 orientali
766 917 888 954 prope
920 906 1127 954 Djendack
1152 912 1189 943 et
1214 907 1319 944 Yezd
1356 908 1501 951 (ssuhse
1519 906 1578 958 l),
1604 909 1651 945 ad
1677 908 1821 945 Sserts-

142 964 238 1002 chah
264 968 300 1002 et
324 965 423 1002 inter
447 964 643 1003 Chabbise
669 968 707 1002 et
730 965 902 1002 Kerman
933 966 1085 1015 (Bunge
1104 964 1113 1002 !
1133 961 1173 1019 )‚
1199 967 1357 1003 australi
1383 963 1525 1019 (Auch.
1553 980 1634 1005 eXS.
1658 961 1820 1017 45101)

142 1029 179 1061 et
202 1024 251 1060 ad
276 1024 438 1062 Dalechi
460 1023 539 1076 (Ky
566 1036 647 1062 exs.
676 1023 760 1064 157
778 1024 821 1071 l).

201 1092 368 1140 Insignis
391 1093 550 1130 ramulis
576 1093 626 1130 ob
642 1092 736 1130 folia
760 1092 904 1129 minuta
928 1092 1117 1140 adpressa
1136 1093 1378 1140 gracillimis,
1400 1094 1557 1131 floribus
1574 1094 1728 1131 minutis
1741 1095 1822 1141 glo-

142 1151 290 1189 bulosis
317 1151 543 1200 plerumque
566 1151 796 1189 brevissime
821 1151 1077 1199 pedicellatis.
1103 1151 1260 1189 Racemi
1283 1153 1425 1200 saepius
1458 1149 1668 1200 pollicares
1698 1153 1822 1197 graci-

142 1210 223 1257 les,
249 1211 382 1259 petala
406 1211 548 1248 lineam
574 1211 692 1259 longa
714 1212 776 1248 vel
798 1211 940 1259 saepius
963 1211 1156 1249 breviora.

198 1379 568 1433 T.Jordanis·,
600 1380 748 1435 glabra
769 1381 1056 1437 glaucescens,
1086 1381 1195 1424 foliis
1223 1380 1704 1437 semiamplexicaulibus
1732 1397 1823 1425 ova-

144 1437 192 1480 tis
223 1438 454 1495 cuspidatis
481 1439 598 1495 apice
625 1439 980 1492 membranaceis,
1012 1440 1191 1481 racemis
1219 1440 1511 1496 pedunculatis
1539 1440 1672 1495 longis
1692 1441 1824 1483 tenui-

143 1496 222 1539 bus
250 1497 369 1549 laxis,
411 1497 594 1540 bracteis
632 1498 875 1540 lanceolatis
903 1498 1037 1540 acutis
1064 1497 1290 1554 pedicellos
1325 1499 1451 1555 calyci
1481 1498 1822 1555 subzuquilongos

140 1555 456 1611 superantibus,
484 1556 633 1612 petalis
659 1556 999 1613 ovato—ellipticis
1027 1556 1195 1609 erectis,
1225 1556 1326 1599 disci
1357 1557 1462 1599 lobis
1489 1556 1515 1598 5
1537 1557 1706 1610 retusis,
1738 1559 1823 1599 tila-

141 1614 293 1656 mentis
320 1613 553 1657 linearibus
581 1629 602 1658 c
630 1614 806 1657 sinubus
834 1614 956 1667 disci,
985 1614 1175 1657 antheris
1203 1614 1437 1670 apiculatis,
1467 1615 1580 1672 stylis
1608 1615 1633 1656 3
1654 1616 1822 1658 clavatis

141 1671 318 1715 dimidio
345 1673 487 1716 ovario
516 1673 861 1729 sublongioribus
888 1679 927 1724 5.

198 1744 284 1782 Hab
307 1744 344 1781 in
376 1745 509 1783 Judaea
533 1746 582 1783 ad
608 1746 740 1783 littora
775 1744 957 1783 Jordanis
983 1744 1075 1792 (Ky
1108 1755 1188 1781 exs.
1215 1742 1320 1783 4521
1358 1745 1428 1782 sub
1459 1744 1496 1780 T.
1527 1744 1734 1795 Pallasz'i).
1763 1745 1822 1783 Fl.

141 1803 280 1852 Aprili.

198 1870 333 1908 Petala
356 1871 465 1909 lineae
489 1867 571 1924 “sio
601 1872 734 1921 longa.
760 1871 897 1909 Affinis
923 1871 960 1909 T.
987 1870 1143 1918 floridae
1167 1870 1293 1908 differt
1314 1871 1454 1919 petalis
1489 1870 1698 1908 minoribus
1738 1882 1813 1908 non

140 1929 304 1977 globosc
327 1931 636 1980 conniventibus,
666 1930 833 1969 bracteis
858 1931 1098 1979 lanceolatis,
1125 1930 1236 1977 stylis
1262 1930 1471 1977 elongatis,
1500 1934 1570 1966 etc.
1596 1930 1752 1967 Raccmi
1777 1929 1813 1966 in

140 1988 258 2026 ramis
283 1989 476 2027 annotinis
502 1994 708 2028 nascentes
734 1990 801 2027 sed
828 2002 913 2028 cum
942 1989 1100 2027 ramulis
1123 1988 1299 2026 foliiferis
1325 1987 1539 2025 hornotinis
1566 1986 1814 2026 subcoe'tanei

140 2052 178 2084 et
201 2048 256 2085 sic
280 2049 484 2086 transitum
508 2049 557 2086 ad
581 2049 794 2087 sectionem
820 2049 1030 2087 secundam
1055 2048 1287 2095 praebentes.

198 2218 252 2260 T.
285 2218 691 2263 Hohenackeri
734 2218 897 2274 (Bunge
924 2218 1003 2260 loc.
1034 2216 1103 2259 cit.
1134 2230 1173 2272 p.
1215 2214 1287 2270 44)
1331 2213 1475 2269 glabra
1517 2213 1675 2265 viridis,
1709 2214 1815 2256 foliis

142 2289 165 2317 a
191 2275 281 2318 basi
308 2276 494 2319 breviter
521 2278 674 2320 adnata
699 2275 943 2319 lanceolatis
971 2275 1127 2327 acutis,
1166 2272 1344 2315 racemis
1365 2272 1668 2335 ’pedunculatis
1702 2273 1816 2315 clon-

139 2334 247 2389 gatis
273 2335 391 2387 laxis,
434 2335 616 2378 bracteis
652 2334 952 2378 obtusiusculis
985 2332 1210 2391 pedicellos
1244 2331 1374 2387 calyc1
1401 2331 1662 2385 aequilongos
1690 2344 1815 2386 supe-

143 2392 353 2445 rantibus,
382 2393 530 2450 petalis
547 2393 882 2450 ovato-ellipticis
900 2391 1051 2435 erectis
1068 2389 1406 2447 persistentibus,
1436 2388 1659 2430 tilamentis
1687 2389 1816 2430 linea·

143 2450 261 2493 ribus
293 2451 432 2495 crenis
465 2450 491 2494 5
527 2451 632 2495 disci
667 2451 854 2504 insertis,
900 2449 1086 2493 authoris
1124 2447 1289 2490 muticis
1325 2446 1604 2502 subobliquis,
1649 2446 1764 2503 stylis
1791 2446 1817 2487 3

143 2509 314 2552 clavatis
341 2510 531 2553 ovarium
557 2509 781 2554 dimidium
807 2508 1074 2566 aequantibus
1101 2513 1138 2557 5.
1177 2506 1219 2547 T.
1249 2505 1527 2561 anquste'solia
1557 2503 1718 2546 Holien.
1745 2504 1817 2545 Ta-

143 2567 257 2624 lysch
284 2567 436 2610 Enum.
466 2582 508 2625 p.
539 2568 623 2611 117
656 2582 740 2611 non
770 2567 923 2611 Ledeb.

200 2639 304 2678 Hab.
331 2640 370 2677 in
393 2640 522 2678 Iberia
544 2639 759 2678 Caucasica
782 2636 927 2689 (Wilhl
958 2637 1118 2675 Hohen!
1146 2628 1315 2682 Szowl).

200 2707 356 2746 Racemi
381 2720 466 2745 cum
492 2709 649 2745 ramulis
672 2707 862 2755 foliigeris
885 2704 1101 2743 hornotinis
1125 2702 1300 2739 coe'tanci
1325 2701 1392 2738 sed
1420 2712 1438 2737 e
1473 2699 1591 2735 ramis
1626 2699 1819 2736 annotinis

144 2766 292 2804 oriundi
328 2765 428 2819 (qua
453 2769 571 2805 causa
593 2768 694 2805 hanc
718 2766 887 2814 speciem
914 2766 1011 2802 inter
1040 2762 1218 2801 Vernales
1244 2756 1468 2808 collocavi).
1503 2755 1576 2795 1-2
1599 2758 1819 2805 pollicarcs.

143 2824 281 2865 Differt
305 2837 327 2862 a
354 2825 390 2863 Τ.
415 2825 558 2873 floridd
581 2827 641 2864 cui
666 2826 790 2863 affinis
814 2824 977 2863 racemis
1004 2821 1256 2869 longioribus,
1283 2819 1439 2856 floribus
1466 2817 1581 2864 duplo
1608 2817 1820 2864 majoribus

142 2884 297 2938 longius
333 2885 598 2935 pedicellatis,
639 2885 779 2933 petalis
818 2882 1116 2932 persistentibus
1145 2879 1276 2916 formae
1299 2877 1474 2914 diversae.
1516 2875 1653 2912 Petala
1679 2875 1819 2912 lineam

143 2939 246 2995 1³s3
305 2944 435 2992 longa.
