2021 3235
1030 72 1115 121 366

279 188 319 229 y.
352 163 555 223 latifolia.
587 165 803 211 Foliorum
830 167 1085 211 inferiorum
1111 168 1277 212 laciniae
1305 168 1492 212 latiores.
1534 165 1589 212 E.
1622 167 1811 226 latifolia
1839 181 1909 215 nc.

220 223 328 283 Syst.
362 226 414 280 II,
444 240 484 283 p.
516 225 616 269 675.
647 226 737 270 Del.
768 227 825 270 Ic.
856 227 910 281 II,
940 227 1028 270 tab.
1059 225 1133 270 95.

278 297 378 335 Hab.
403 299 440 334 in
466 296 582 345 Syria
606 297 655 334 ad
681 298 897 346 Aleppum!
925 297 1106 346 AEgypto
1131 297 1350 345 (Balbisl).

279 362 317 406 ὃ.
344 362 630 418 polysperma.
675 360 886 404 Articulus
914 360 1111 419 superior
1136 362 1432 419 polyspermus
1460 359 1709 405 inferiorem
1737 375 1913 419 aequans

168 471 172 474 γ
221 421 283 463 vel
313 434 362 464 eo
389 420 578 477 longior.

277 492 376 530 Hab.
401 493 501 530 inter
537 496 693 542 segetes
727 490 776 529 ad
800 491 971 529 Mersina
1003 490 1147 530 Ciliciae
1175 486 1338 543 (Ball),
1372 490 1411 528 in
1437 489 1605 539 Assyria.
1630 491 1680 529 ad
1706 491 1913 540 Tigridem

220 549 321 604 (Noe
339 548 396 604 1).

276 690 332 732 E.
362 688 732 745 qrandiflora
769 687 920 745 (Boiss.
955 687 1101 743 Diagn.
1131 687 1222 730 Ser.
1255 686 1289 738 Ι,
1318 686 1387 740 Vl,
1416 700 1457 744 p.
1490 686 1564 744 13)
1602 687 1752 743 glabra
1787 688 1911 740 elata,

218 747 383 790 laciniis
412 747 608 791 foliorum
637 746 890 790 inferiorum
913 745 1354 802 oblongo-linearibus
1372 746 1913 799 summorumlinearibus,

221 806 370 862 petalis
394 807 591 849 violaceis
616 807 741 861 longe
768 805 1055 861 unguiculatis
1089 805 1231 862 calyce
1273 803 1299 847 Ξ
1318 805 1377 861 ¹s2
1404 805 1473 862 plo
1510 805 1775 860 longioribus
1793 840 1803 858 ,
1847 819 1916 848 ra-

221 865 351 907 cemis
378 865 608 908 fructiferis
634 865 753 918 laxis,
782 864 947 921 siliquse
975 863 1130 907 strictae
1160 863 1380 921 (junioris)
1411 863 1589 907 articulo
1618 863 1813 906 inferiori
1843 878 1915 920 cy-

219 922 400 966 lindrico
428 923 639 981 superiori
667 923 998 978 ovato-oblongo
1025 922 1172 965 striato
1205 922 1333 979 duplo
1369 922 1508 966 latiori
1537 936 1842 979 monospermo
1870 922 1914 965 in

220 983 374 1039 stylum
403 983 645 1026 subulatum
673 982 962 1040 aequilongum
991 980 1168 1024 abeunti
1202 986 1267 1032 Θ.

277 1053 376 1089 Hab.
401 1053 438 1089 in
463 1053 679 1091 declivibus
704 1053 848 1100 apricis
875 1052 1017 1089 Persiae
1040 1051 1225 1089 australis
1252 1051 1352 1088 inter
1377 1050 1551 1089 Abuchir
1582 1054 1620 1089 et
1647 1050 1806 1089 Sunii-az
1833 1050 1915 1100 (Ky

220 1123 304 1149 exs.
332 1110 459 1162 741).

291 1180 533 1219 Praecedcnti
571 1180 696 1219 minus
736 1192 912 1229 ramosa,
948 1179 1066 1218 flores
1105 1179 1275 1230 majores
1313 1191 1382 1217 eos
1421 1178 1677 1218 Carclamz'nes
1714 1180 1916 1230 pratensis

222 1252 439 1297 aequantes.

275 1387 331 1443 Ε.
349 1387 704 1431 lineariloba
732 1385 884 1443 (Boiss.
907 1386 1014 1428 Ann.
1037 1385 1101 1429 Sc.
1125 1385 1218 1429 Nat.
1250 1384 1382 1436 1842,
1410 1399 1452 1442 p.
1475 1384 1578 1443 390)
1609 1385 1769 1441 glabra
1785 1386 1912 1440 elata,

218 1444 327 1488 soliis
360 1444 651 1502 pinnatisectis
683 1443 848 1487 laciniis
883 1444 1145 1501 longissimis
1181 1444 1550 1498 lineari-setaceis‚
1593 1445 1744 1501 petalis
1773 1446 1919 1503 calyce

216 1504 346 1560 duplo
372 1503 654 1560 longioribus,
686 1503 866 1547 racemis
894 1504 1100 1556 elongatis
1127 1502 1248 1557 laxis,
1282 1503 1447 1561 siliquis
1467 1503 1532 1546 axi
1551 1502 1788 1561 adpressiS,
1817 1504 1921 1547 arti-

216 1564 310 1606 culo
338 1562 542 1606 inferiore
571 1562 685 1605 tenui
719 1561 792 1606 1-’2
825 1575 994 1619 spermo
1031 1562 1222 1606 toruloso
1257 1562 1364 1621 stylo
1402 1562 1591 1606 filiformi
1630 1577 1679 1606 eo
1721 1562 1909 1612 breviori

217 1628 438 1678 superato.

274 1692 376 1730 Hab.
403 1692 452 1731 ad
476 1691 631 1729 Bender
654 1690 826 1730 Abuchir
849 1691 994 1729 Persiae
1017 1692 1201 1730 australis
1225 1687 1325 1746 (Ky.
1351 1703 1432 1730 exs.
1456 1688 1645 1744 4140l).

274 1758 471 1797 Notabilis
496 1756 648 1796 laciniis
675 1758 855 1798 foliorum
881 1759 1122 1797 tenuissimis
1153 1754 1258 1811 ἈΛ
1290 1759 1474 1808 pollicem
1498 1759 1653 1808 longis3
1679 1755 1765 1799 loco
1792 1760 1911 1799 citato

214 1818 334 1858 loculi
358 1819 512 1857 articuli
534 1818 747 1866 superloris
773 1817 938 1857 erronee
965 1831 1036 1867 per
1060 1820 1173 1868 paria
1198 1819 1377 1868 dispositi
1404 1819 1512 1858 dicti.

268 1950 327 1995 E.
355 1950 727 2006 microcarpa
768 1949 921 2007 (Boiss.
960 1950 1108 2007 Diagn.
1141 1949 1232 1994 Ser.
1270 1950 1303 2005 I,
1338 1950 1448 2004 VIII,
1488 1965 1529 2009 p.
1561 1949 1636 2009 47)
1678 1951 1910 2010 papilloso-

211 2007 340 2063 hirta,
371 2009 570 2053 foliorum
597 2009 850 2052 inferiorum
880 2008 1042 2052 laciniis
1070 2010 1227 2065 angulo
1254 2016 1370 2054 recto
1398 2010 1641 2067 patentibus
1669 2011 1910 2055 carnosulis

210 2069 414 2117 confertis
442 2068 698 2112 abbreviatis
725 2067 1005 2125 pinnatifidis,
1042 2068 1315 2125 superiorum
1342 2069 1578 2113 linearibus
1607 2069 1804 2126 integriS,
1836 2084 1910 2127 pe-

211 2128 305 2170 talis
342 2128 483 2185 calyce
519 2127 731 2184 subduplo
768 2126 1053 2183 longioribus,
1099 2128 1279 2172 racemis
1308 2127 1540 2171 fructiferis
1568 2129 1777 2185 elongatis
1804 2129 1910 2172 den-

210 2185 425 2239 siusculis‚
469 2185 636 2242 siliquis
672 2186 1083 2242 erecto-patentibus
1119 2187 1278 2242 glabris
1312 2188 1376 2230 vel
1403 2187 1613 2231 scabridis
1644 2187 1910 2231 brevissimis

209 2244 568 2298 striato-sulcatis,
596 2244 775 2287 articulo
802 2243 1006 2288 inferiore
1034 2259 1056 2288 a
1092 2245 1220 2288 latere
1263 2259 1510 2302 compresso
1553 2247 1742 2290 toruloso
1788 2248 1909 2304 poly-

210 2317 399 2360 spermo,
442 2302 665 2360 superiore
706 2302 883 2346 dimidio
925 2303 1120 2347 breviore
1158 2318 1460 2362 monospermo
1495 2311 1617 2348 ovato
1653 2306 1761 2364 stylo
1788 2305 1908 2349 tenui

206 2362 451 2420 aequilongo
479 2369 678 2419 superato
709 2367 775 2414 Θ.
805 2360 931 2404 Jaub.
963 2368 1004 2405 et
1028 2362 1098 2420 Sp.
1131 2364 1289 2406 Illustr.
1322 2363 1370 2417 V,
1400 2363 1487 2406 tab.
1519 2363 1621 2407 434.

271 2435 373 2473 Hab.
398 2436 437 2471 in
463 2433 618 2471 deserto
644 2433 800 2472 ArabIae
826 2433 975 2472 Petreae
997 2434 1132 2473 Judeae
1155 2436 1396 2473 contermino
1431 2438 1469 2472 et
1494 2436 1532 2473 in
1566 2436 1735 2474 vallibus
1761 2436 1900 2474 calidis

209 2494 427 2531 Palaestinae
445 2493 544 2530 inter
559 2491 726 2531 St-Saba
743 2498 780 2530 et
798 2504 903 2531 mare
923 2493 1115 2532 Mortuum
1135 2489 1323 2545 (Boiss!)‚
1349 2495 1385 2532 in
1404 2494 1582 2544 AEgypto
1602 2495 1706 2534 circa
1724 2496 1898 2534 Alexan-

209 2553 335 2591 driam
366 2551 525 2604 (Kralik
542 2548 550 2591 l
579 2551 816 2590 Samaritani
833 2545 883 2606 l).

271 2621 411 2661 Caules
433 2620 581 2670 pumili,
598 2620 716 2660 flores
734 2621 791 2660 eis
813 2621 858 2659 Ε.
877 2619 1069 2672 Aleppicae
1091 2620 1250 2661 dimidio
1274 2622 1457 2673 minores,
1485 2622 1646 2662 siliculae
1671 2636 1758 2663 cum
1777 2626 1903 2663 rostro

209 2677 300 2736 2¹s2
327 2682 394 2720 lin.
420 2681 563 2730 longae.

269 2810 326 2854 E.
354 2808 692 2853 crassifolia
719 2806 887 2865 (Forsk.
918 2808 1011 2867 AEg.
1042 2823 1083 2867 p.
1116 2809 1200 2854 118
1228 2811 1306 2854 sub
1334 2811 1552 2870 Brassica)
1580 2812 1744 2867 glabra,
1776 2812 1902 2856 folio-

211 2881 308 2914 rum
333 2867 500 2912 laciniis
525 2866 969 2927 oblongo-lissearibus
996 2875 1036 2912 et
1062 2868 1295 2914 linearibus
1322 2870 1509 2929 integris
1532 2873 1595 2915 vel
1631 2886 1759 2934 parce
1795 2872 1904 2918 den-
