2021 3235
920 126 1004 171 229

129 219 238 258 Oliv!
263 218 387 257 Auch.
413 230 492 257 exs.
519 216 660 270 1211),
685 220 808 259 Cretae
831 232 854 257 a
877 221 1038 269 regione
1072 221 1247 260 inferiori
1280 223 1330 259 ad
1356 223 1424 261 alt.
1452 220 1581 262 5000'
1606 224 1642 260 in
1667 226 1801 263 monti-

128 279 199 317 bus
224 277 482 326 Sphacioticis
506 278 678 331 Heldrl),
706 279 809 317 Asiae
825 280 984 317 minoris
1002 280 1041 316 in
1063 279 1179 318 Caria
1197 280 1358 330 (Pinard
1377 276 1427 331 l),
1453 282 1582 330 Lydia
1606 283 1653 320 ad
1672 281 1802 331 Smyr-

129 349 217 375 nam
240 337 341 387 (Bal.
368 347 450 374 exS.
475 335 600 387 76!)‚
628 337 863 386 Pamphylia
894 337 1057 387 (Heldrl
1084 340 1215 387 Bourg
1232 336 1279 394 Ι),
1307 337 1446 379 Cilicia
1471 340 1569 390 (Bal
1590 341 1649 391 l),
1677 342 1806 390 Cypro

128 396 195 445 ΚΥ
215 396 350 444 Suppl.
375 393 464 434 407
484 395 528 446 l),
553 396 667 445 Syria
694 397 854 435 littorali
877 393 1020 450 (1312),
1046 401 1083 435 et
1107 398 1157 435 ad
1182 399 1416 438 Damascum
1443 399 1638 449 (Gaill!)‚
1667 401 1805 438 Palaes-

130 456 211 493 tina
233 455 283 492 ad
308 455 622 504 Hierosolymam
647 455 827 506 (Boissl)
853 460 889 493 et
913 456 1073 494 Hebron
1097 457 1178 507 (Ky
1195 456 1237 508 l).

187 519 231 572 β.
264 517 424 573 lyram.
470 518 585 560 Folia
621 518 825 561 inferiora
862 518 1286 574 lyrato-pinnatifida.
1332 520 1388 562 M.
1428 520 1568 575 lyram
1609 520 1739 563 Siblli.
1773 528 1810 563 el

132 575 216 619 Sm.
248 575 396 617 prodr.
430 576 483 628 ll,
514 590 552 632 p.
584 575 639 618 24
666 577 743 619 sub
774 574 1048 618 Cheiranlho.
1097 577 1156 619 Fl.
1188 578 1322 621 Graec.
1354 578 1438 620 tab.
1470 577 1570 622 655.
1615 579 1812 635 Hesper-is

131 634 276 690 riqida
301 633 433 677 Sihth.
468 635 509 676 in
539 635 660 677 herb.
692 634 880 677 Bancksl

190 705 289 743 Hab.
315 706 352 743 in
376 706 504 744 insula
525 704 656 754 Cypro
680 698 853 755 (Sibthl)
876 706 928 753 (v.
956 717 986 743 s.
1022 707 1060 742 in
1086 706 1195 744 herb.
1220 706 1317 744 Mus.
1343 707 1478 758 Brit.).

194 773 360 811 Habitus
384 773 434 812 M.
459 773 667 812 maritimae
692 773 762 810 sed
785 773 901 811 flores
926 773 1086 810 dimidio
1109 774 1294 812 minores.

747 910 774 960 †
806 911 837 962 †
870 911 1007 949 Petala
1032 912 1197 960 integra.

202 1034 270 1075 M.
297 1033 523 1076 bicolor
550 1032 699 1088 (Boiss.
731 1038 771 1074 et
798 1031 942 1073 Heldrr
973 1030 1121 1086 Diagn.
1154 1030 1243 1073 Ser.
1279 1032 1309 1083 Ι,
1340 1031 1408 1084 Vl,
1440 1046 1479 1087 p.
1518 1031 1582 1083 10)
1621 1033 1730 1088 pube
1759 1034 1821 1075 bi-

147 1090 299 1147 partita
336 1090 536 1147 adpressa
572 1090 725 1143 obsita,
769 1089 880 1132 foliis
908 1088 1039 1131 ovatis
1067 1089 1604 1146 oblongo-lanceolalisque
1634 1092 1822 1135 subinte-

146 1148 250 1204 gris,
289 1148 494 1206 pedicello
521 1150 705 1206 oalycem
733 1147 936 1204 aeqnanti,
975 1147 1139 1204 siliquis
1173 1148 1485 1204 erecto-patulis
1512 1148 1659 1203 rigidis
1688 1150 1823 1193 brovi-

148 1208 226 1250 bus
253 1207 363 1263 pube
390 1207 576 1249 breviter
601 1206 679 1249 2-4
707 1206 858 1263 partita
886 1206 1085 1261 adpressa
1114 1206 1336 1257 scabridis,
1379 1208 1486 1263 stylo
1519 1207 1681 1264 siliquae
1718 1210 1819 1252 latit.

148 1266 406 1322 aequilongo.

208 1335 308 1373 Hab.
332 1336 369 1372 in
392 1335 634 1382 rupestribus
659 1333 864 1373 schistosis
887 1334 1058 1381 regionis
1076 1334 1228 1381 alpinae,
1254 1333 1414 1372 Graeciae
1437 1335 1474 1371 in
1498 1339 1624 1373 monte
1643 1335 1822 1384 Taygeto

149 1395 215 1431 alt.
239 1392 367 1434 5000'
390 1391 518 1434 6500
555 1391 754 1445 (Heldr!)‚
782 1393 819 1430 in
854 1393 1077 1430 declivitate
1112 1393 1273 1430 australi
1311 1394 1451 1431 montis
1487 1394 1674 1442 Kyllencs
1710 1408 1826 1444 supra

149 1453 318 1491 Phonias
340 1455 405 1492 alt.
437 1451 567 1493 6000·
596 1447 787 1505 (Heldr!)‚
814 1453 852 1489 in
878 1456 1005 1490 monte
1032 1452 1299 1490 Panachaicos
1325 1453 1483 1491 Achaiae
1508 1453 1704 1504 (Heldrl).

207 1519 250 1571 β.
293 1518 574 1561 Veluchcnsis.
596 1517 740 1560 Flores
757 1517 882 1573 paulo
900 1515 1105 1569 minores,
1126 1517 1254 1574 stylus
1272 1517 1456 1559 breviter
1473 1517 1658 1560 conicus.
1680 1518 1735 1560 M.
1760 1518 1827 1560 Ve-

151 1577 362 1619 cumensis
390 1576 520 1619 Boiss.
552 1575 699 1632 Diagn.
730 1575 822 1618 Ser.
856 1574 909 1628 ΙΙ,
939 1574 1006 1627 Vl,
1035 1589 1076 1631 p.
1111 1573 1179 1617 lo.

208 1646 307 1684 Hab.
334 1647 371 1682 in
396 1650 526 1683 monte
549 1645 714 1683 Veluchi
736 1644 894 1682 AEtoliae
928 1643 1092 1693 (Samar.
1118 1650 1154 1682 et
1178 1643 1401 1682 Guicciardi
1417 1645 1457 1695 1),
1483 1649 1610 1684 monte
1632 1646 1732 1683 Ziria
1756 1647 1823 1684 Pe-

150 1706 355 1753 loponnesi
382 1704 519 1755 (Orph.
545 1705 605 1743 Fl.
625 1704 750 1743 Graec.
779 1715 859 1741 exs.
889 1700 974 1741 165
991 1703 1035 1753 l).

211 1772 334 1820 Calyx
356 1773 439 1810 basi
466 1773 530 1810 vix
553 1773 800 1821 bisaccatus,
828 1773 958 1818 petala
982 1782 1097 1809 rosea
1119 1772 1202 1809 basi
1237 1772 1436 1818 eleganter
1462 1773 1713 1818 latescentia,
1740 1772 1826 1810 sili-

150 1844 235 1880 quae
259 1830 367 1871 9-12
391 1833 456 1869 lin.
479 1833 622 1880 longae.
650 1831 788 1869 Affinis
812 1831 863 1868 M.
892 1830 1106 1869 Orsinianae
1135 1831 1234 1867 Ten.
1262 1842 1416 1878 quoque
1437 1832 1575 1880 alpinae
1601 1837 1637 1869 et
1660 1833 1825 1880 integri-

150 1892 301 1940 petalae,
332 1891 482 1940 siliquis
506 1892 696 1940 stylisque
722 1890 849 1938 longis
876 1891 1067 1928 distinotae
1092 1889 1144 1939 (v,
1171 1901 1202 1927 s.
1229 1893 1267 1927 et
1286 1902 1322 1926 v,
1349 1888 1472 1939 cult.).

616 2031 639 2052 ἦ
672 2031 695 2053 ³⁶
728 2032 841 2069 Folia
867 2032 1021 2070 caulina
1043 2030 1354 2079 amplexicaulia.

208 2154 277 2197 M.
303 2153 521 2208 Meyeri
549 2152 698 2208 (Boiss.
731 2153 838 2196 Ann.
870 2152 934 2196 Sc.
966 2152 1057 2195 Nat.
1089 2150 1219 2198 1842,
1249 2164 1287 2205 p.
1311 2149 1384 2205 71)
1413 2149 1559 2204 glabra
1586 2149 1827 2191 ‹licholornc

156 2210 459 2263 ramosissima,
490 2211 600 2254 soliis
628 2211 805 2267 integris
832 2210 1108 2254 inferioribus
1125 2208 1255 2252 ovatis
1273 2208 1456 2251 breviter
1473 2206 1697 2264 petiolalis‚
1728 2222 1827 2249 cau-

153 2269 251 2313 linis
279 2269 473 2325 oblongis
500 2270 581 2312 late
609 2267 1255 2326 auricillato-amplexicaulibus,
1287 2265 1489 2323 pedicello
1507 2266 1691 2322 calycern
1712 2266 1827 2308 valde

154 2328 413 2371 bisaccatum
441 2328 643 2384 aequami,
688 2328 836 2384 petalis
876 2327 1063 2371 obovatis
1106 2324 1274 2378 retusis,
1317 2323 1481 2380 siliquis
1513 2324 1829 2380 erecto-patulis

154 2385 292 2442 longis
319 2385 494 2441 glabriS‚
523 2387 633 2443 stylo
659 2386 823 2443 siliquae
849 2386 954 2429 latit.
984 2384 1109 2441 triplo
1134 2383 1316 2439 longiori
1348 2388 1414 2434 Θ.
1458 2381 1655 2437 Hespere's
1681 2396 1830 2424 crenu-

156 2444 245 2487 lata
270 2443 481 2501 CAMey.
513 2444 664 2487 Enum.
695 2444 815 2503 Casp.
846 2459 886 2502 p.
918 2443 1001 2486 Ι187
1030 2456 1114 2485 non
1143 2454 1210 2485 DC.

214 2515 314 2553 Hab.
338 2515 376 2551 in
398 2515 589 2563 glareosis
612 2516 662 2552 ad
684 2517 788 2554 rivos
812 2517 850 2553 in
874 2516 1020 2553 ditione
1045 2512 1219 2562 Talysch
1242 2511 1561 2549 Transcaucasiae
1586 2511 1651 2548 alt.
1675 2508 1831 2550 4000*-

157 2571 286 2614 5000
304 2573 532 2624 (O.A.Mey!
559 2572 698 2626 Hohl).

216 2643 250 2680 A
283 2642 414 2690 specie
449 2643 626 2690 sequenti
662 2643 823 2680 floribus
851 2641 1008 2679 dimidio
1032 2639 1268 2686 minoribus,
1293 2637 1433 2684 siliqua
1460 2637 1564 2674 tenui
1588 2635 1831 2684 sesquipolli-

159 2701 253 2747 cari,
281 2701 463 2750 stigmate
487 2705 616 2750 acuto,
645 2704 755 2749 septo
784 2701 942 2750 hyalino
967 2698 1194 2737 subbinervi
1213 2696 1411 2734 distincta.

217 2837 285 2879 M.
314 2837 620 2881 crenulata
646 2837 731 2890 (Dc.
763 2835 870 2893 Syst.
905 2835 958 2887 ΙΙ,
987 2848 1026 2890 p.
1058 2832 1142 2875 456
1170 2831 1247 2873 sub
1276 2829 1515 2886 Hesperide)
1551 2828 1713 2893 papi-llis
1740 2829 1835 2870 bre-

161 2894 281 2937 vibus
308 2893 467 2937 conicis
494 2895 673 2951 sparsim
703 2893 896 2937 scabrida
922 2894 984 2935 vel
1010 2892 1295 2947 glabrescens,
1326 2888 1516 2930 caulibus
1544 2887 1733 2944 pluribus
1761 2900 1835 2928 na-
