<?xml version="1.0" encoding="UTF-8"?>
<!DOCTYPE html PUBLIC "-//W3C//DTD XHTML 1.0 Transitional//EN"
    "http://www.w3.org/TR/xhtml1/DTD/xhtml1-transitional.dtd">
<html xmlns="http://www.w3.org/1999/xhtml" xml:lang="en" lang="en">
 <head>
  <title>
</title>
<meta http-equiv="Content-Type" content="text/html;charset=utf-8" />
  <meta name='ocr-system' content='tesseract 3.04.00' />
  <meta name='ocr-capabilities' content='ocr_page ocr_carea ocr_par ocr_line ocrx_word'/>
</head>
<body>
  <div class='ocr_page' id='page_1' title='image "./floraorientaliss01bois_0058.png"; bbox 0 0 2021 3235; ppageno 0'>
   <div class='ocr_carea' id='block_1_1' title="bbox 1005 201 1061 245">
    <p class='ocr_par' dir='ltr' id='par_1_1' title="bbox 1005 201 1061 245">
     <span class='ocr_line' id='line_1_1' title="bbox 1005 201 1061 245; baseline 0.018 -1"><span class='ocrx_word' id='word_1_1' title='bbox 1005 201 1061 245; x_wconf 90' lang='grc'><strong>14</strong></span> 
     </span>
    </p>
   </div>
   <div class='ocr_carea' id='block_1_2' title="bbox 191 297 1879 526">
    <p class='ocr_par' dir='ltr' id='par_1_2' title="bbox 191 297 1879 413">
     <span class='ocr_line' id='line_1_2' title="bbox 250 297 1879 350; baseline -0.001 -10"><span class='ocrx_word' id='word_1_2' title='bbox 250 303 350 340; x_wconf 87' lang='lat' dir='ltr'>Hab.</span> <span class='ocrx_word' id='word_1_3' title='bbox 377 302 415 339; x_wconf 91' lang='lat' dir='ltr'>in</span> <span class='ocrx_word' id='word_1_4' title='bbox 440 300 663 338; x_wconf 84' lang='lat' dir='ltr'>nemoribus</span> <span class='ocrx_word' id='word_1_5' title='bbox 688 298 850 337; x_wconf 82' lang='lat' dir='ltr'>Graeciae</span> <span class='ocrx_word' id='word_1_6' title='bbox 873 298 913 336; x_wconf 91' lang='lat' dir='ltr'>in</span> <span class='ocrx_word' id='word_1_7' title='bbox 936 298 1131 337; x_wconf 80' lang='lat' dir='ltr'>Parnasso</span> <span class='ocrx_word' id='word_1_8' title='bbox 1166 297 1327 350; x_wconf 85' lang='lat' dir='ltr'>(Sibth.)</span> <span class='ocrx_word' id='word_1_9' title='bbox 1355 302 1473 337; x_wconf 89' lang='lat' dir='ltr'>mont.</span> <span class='ocrx_word' id='word_1_10' title='bbox 1505 297 1630 337; x_wconf 80' lang='lat' dir='ltr'>Athos</span> <span class='ocrx_word' id='word_1_11' title='bbox 1664 303 1703 337; x_wconf 82' lang='lat' dir='ltr'>et</span> <span class='ocrx_word' id='word_1_12' title='bbox 1728 298 1879 338; x_wconf 87' lang='lat' dir='ltr'>Scardo</span> 
     </span>
     <span class='ocr_line' id='line_1_3' title="bbox 191 353 860 413; baseline -0.007 -13"><span class='ocrx_word' id='word_1_13' title='bbox 191 361 431 400; x_wconf 80' lang='lat' dir='ltr'>Macedoniae</span> <span class='ocrx_word' id='word_1_14' title='bbox 455 353 647 413; x_wconf 79' lang='lat' dir='ltr'>(Griseb).</span> <span class='ocrx_word' id='word_1_15' title='bbox 671 359 730 396; x_wconf 80' lang='lat' dir='ltr'>Fl.</span> <span class='ocrx_word' id='word_1_16' title='bbox 754 369 860 396; x_wconf 85' lang='lat' dir='ltr'>vere.</span> 
     </span>
    </p>

    <p class='ocr_par' dir='ltr' id='par_1_3' title="bbox 191 423 1879 526">
     <span class='ocr_line' id='line_1_4' title="bbox 248 423 1879 475; baseline -0.002 -9"><span class='ocrx_word' id='word_1_17' title='bbox 248 427 324 466; x_wconf 85' lang='lat' dir='ltr'>Ar.</span> <span class='ocrx_word' id='word_1_18' title='bbox 348 426 509 475; x_wconf 83' lang='lat' dir='ltr'>Geogr.</span> <span class='ocrx_word' id='word_1_19' title='bbox 535 426 696 474; x_wconf 84' lang='lat' dir='ltr'><strong>Europa</strong></span> <span class='ocrx_word' id='word_1_20' title='bbox 717 424 934 474; x_wconf 77' lang='lat' dir='ltr'>praesertim</span> <span class='ocrx_word' id='word_1_21' title='bbox 953 424 1080 463; x_wconf 87' lang='lat' dir='ltr'>media</span> <span class='ocrx_word' id='word_1_22' title='bbox 1097 428 1136 463; x_wconf 86' lang='lat' dir='ltr'>et</span> <span class='ocrx_word' id='word_1_23' title='bbox 1150 424 1320 463; x_wconf 83' lang='lat' dir='ltr'>borealis</span> <span class='ocrx_word' id='word_1_24' title='bbox 1340 436 1365 462; x_wconf 90' lang='lat' dir='ltr'>a</span> <span class='ocrx_word' id='word_1_25' title='bbox 1387 423 1590 472; x_wconf 75' lang='lat' dir='ltr'>Norvegia</span> <span class='ocrx_word' id='word_1_26' title='bbox 1607 424 1658 462; x_wconf 88' lang='lat' dir='ltr'>ad</span> <span class='ocrx_word' id='word_1_27' title='bbox 1685 425 1879 463; x_wconf 90' lang='lat' dir='ltr'>Rossiam.</span> 
     </span>
     <span class='ocr_line' id='line_1_5' title="bbox 191 486 584 526; baseline -0.01 0"><span class='ocrx_word' id='word_1_28' title='bbox 191 488 374 526; x_wconf 83' lang='lat' dir='ltr'>America</span> <span class='ocrx_word' id='word_1_29' title='bbox 397 486 584 525; x_wconf 82' lang='lat' dir='ltr'>borealis.</span> 
     </span>
    </p>
   </div>
   <div class='ocr_carea' id='block_1_3' title="bbox 188 606 1882 785">
    <p class='ocr_par' dir='ltr' id='par_1_4' title="bbox 188 606 1882 785">
     <span class='ocr_line' id='line_1_6' title="bbox 263 606 1881 664; baseline -0.003 -9"><span class='ocrx_word' id='word_1_30' title='bbox 263 613 325 655; x_wconf 90' lang='lat' dir='ltr'>A.</span> <span class='ocrx_word' id='word_1_31' title='bbox 374 607 837 654; x_wconf 84' lang='lat' dir='ltr'>ranunculoides</span> <span class='ocrx_word' id='word_1_32' title='bbox 869 607 941 664; x_wconf 84' lang='lat' dir='ltr'>(L.</span> <span class='ocrx_word' id='word_1_33' title='bbox 984 606 1054 664; x_wconf 90' lang='lat' dir='ltr'>Sp.</span> <span class='ocrx_word' id='word_1_34' title='bbox 1091 606 1202 663; x_wconf 68' lang='lat'>672)</span> <span class='ocrx_word' id='word_1_35' title='bbox 1235 606 1378 650; x_wconf 80' lang='lat' dir='ltr'>radice</span> <span class='ocrx_word' id='word_1_36' title='bbox 1418 606 1671 650; x_wconf 83' lang='lat' dir='ltr'>horizontali</span> <span class='ocrx_word' id='word_1_37' title='bbox 1713 607 1881 663; x_wconf 83' lang='lat' dir='ltr'>gracili,</span> 
     </span>
     <span class='ocr_line' id='line_1_7' title="bbox 190 665 1882 723; baseline -0.004 -9"><span class='ocrx_word' id='word_1_38' title='bbox 190 670 298 714; x_wconf 89' lang='lat' dir='ltr'>foliis</span> <span class='ocrx_word' id='word_1_39' title='bbox 327 668 583 712; x_wconf 84' lang='lat' dir='ltr'>radicalibus</span> <span class='ocrx_word' id='word_1_40' title='bbox 610 666 785 710; x_wconf 82' lang='lat' dir='ltr'>ternatis</span> <span class='ocrx_word' id='word_1_41' title='bbox 811 667 876 709; x_wconf 90' lang='lat' dir='ltr'>vel</span> <span class='ocrx_word' id='word_1_42' title='bbox 902 665 1086 723; x_wconf 86' lang='lat' dir='ltr'>quinatis</span> <span class='ocrx_word' id='word_1_43' title='bbox 1113 666 1343 722; x_wconf 79' lang='lat' dir='ltr'>segmentis</span> <span class='ocrx_word' id='word_1_44' title='bbox 1370 665 1544 708; x_wconf 87' lang='lat' dir='ltr'>serratis</span> <span class='ocrx_word' id='word_1_45' title='bbox 1572 665 1766 722; x_wconf 81' lang='lat' dir='ltr'>oblongis</span> <span class='ocrx_word' id='word_1_46' title='bbox 1783 666 1882 709; x_wconf 88' lang='lat' dir='ltr'>bre-</span> 
     </span>
     <span class='ocr_line' id='line_1_8' title="bbox 188 723 1882 785; baseline -0.002 -14"><span class='ocrx_word' id='word_1_47' title='bbox 188 729 296 772; x_wconf 83' lang='lat' dir='ltr'>viter</span> <span class='ocrx_word' id='word_1_48' title='bbox 321 727 548 785; x_wconf 81' lang='lat' dir='ltr'>petiolatis,</span> <span class='ocrx_word' id='word_1_49' title='bbox 577 726 683 769; x_wconf 81' lang='lat' dir='ltr'>flore</span> <span class='ocrx_word' id='word_1_50' title='bbox 711 724 900 768; x_wconf 85' lang='lat' dir='ltr'>solitario</span> <span class='ocrx_word' id='word_1_51' title='bbox 926 725 992 767; x_wconf 92' lang='lat' dir='ltr'>vel</span> <span class='ocrx_word' id='word_1_52' title='bbox 1017 724 1207 780; x_wconf 89' lang='lat' dir='ltr'>gemino,</span> <span class='ocrx_word' id='word_1_53' title='bbox 1237 723 1388 781; x_wconf 84' lang='lat' dir='ltr'>sepalis</span> <span class='ocrx_word' id='word_1_54' title='bbox 1416 724 1548 767; x_wconf 87' lang='lat' dir='ltr'>ovatis</span> <span class='ocrx_word' id='word_1_55' title='bbox 1574 724 1699 767; x_wconf 84' lang='lat' dir='ltr'>luteis</span> <span class='ocrx_word' id='word_1_56' title='bbox 1733 725 1882 768; x_wconf 79' lang='lat' dir='ltr'><strong>subtus</strong></span> 
     </span>
    </p>
   </div>
   <div class='ocr_carea' id='block_1_4' title="bbox 189 782 1878 889">
    <p class='ocr_par' dir='ltr' id='par_1_5' title="bbox 189 782 1878 889">
     <span class='ocr_line' id='line_1_9' title="bbox 189 782 1878 844; baseline -0.002 -14"><span class='ocrx_word' id='word_1_57' title='bbox 189 786 540 844; x_wconf 81' lang='lat' dir='ltr'>pubescentibus,</span> <span class='ocrx_word' id='word_1_58' title='bbox 569 783 763 841; x_wconf 84' lang='lat' dir='ltr'>carpellis</span> <span class='ocrx_word' id='word_1_59' title='bbox 790 783 1122 840; x_wconf 80' lang='lat' dir='ltr'>pubescentibus</span> <span class='ocrx_word' id='word_1_60' title='bbox 1158 783 1264 841; x_wconf 78' lang='lat' dir='ltr'>stylo</span> <span class='ocrx_word' id='word_1_61' title='bbox 1290 782 1532 840; x_wconf 80' lang='lat' dir='ltr'>aequilongo</span> <span class='ocrx_word' id='word_1_62' title='bbox 1559 782 1780 840; x_wconf 83' lang='lat' dir='ltr'>apiculatis</span> <span class='ocrx_word' id='word_1_63' title='bbox 1816 791 1878 833; x_wconf 73' lang='lat'>26.</span> 
     </span>
     <span class='ocr_line' id='line_1_10' title="bbox 192 840 1052 889; baseline -0.006 0"><span class='ocrx_word' id='word_1_64' title='bbox 192 846 247 889; x_wconf 92' lang='lat' dir='ltr'>Ic.</span> <span class='ocrx_word' id='word_1_65' title='bbox 278 845 339 889; x_wconf 89' lang='lat' dir='ltr'>Fl.</span> <span class='ocrx_word' id='word_1_66' title='bbox 368 844 473 888; x_wconf 84' lang='lat' dir='ltr'>Dan.</span> <span class='ocrx_word' id='word_1_67' title='bbox 505 851 534 887; x_wconf 87' lang='lat' dir='ltr'>t.</span> <span class='ocrx_word' id='word_1_68' title='bbox 565 843 665 887; x_wconf 86' lang='grc'><strong>140.</strong></span> <span class='ocrx_word' id='word_1_69' title='bbox 696 842 831 886; x_wconf 89' lang='lat' dir='ltr'>Rchb.</span> <span class='ocrx_word' id='word_1_70' title='bbox 861 842 890 885; x_wconf 88' lang='lat' dir='ltr'>f.</span> <span class='ocrx_word' id='word_1_71' title='bbox 920 840 1052 885; x_wconf 82' lang='grc'><strong>4643.</strong></span> 
     </span>
    </p>
   </div>
   <div class='ocr_carea' id='block_1_5' title="bbox 191 910 1885 1140">
    <p class='ocr_par' dir='ltr' id='par_1_6' title="bbox 191 910 1885 1140">
     <span class='ocr_line' id='line_1_11' title="bbox 247 910 1883 964; baseline -0.002 -11"><span class='ocrx_word' id='word_1_72' title='bbox 247 916 349 953; x_wconf 88' lang='lat' dir='ltr'>Hab.</span> <span class='ocrx_word' id='word_1_73' title='bbox 375 915 413 952; x_wconf 92' lang='lat' dir='ltr'>in</span> <span class='ocrx_word' id='word_1_74' title='bbox 438 914 662 953; x_wconf 89' lang='lat' dir='ltr'>nemoribus</span> <span class='ocrx_word' id='word_1_75' title='bbox 679 912 861 951; x_wconf 79' lang='lat' dir='ltr'>Thraciae</span> <span class='ocrx_word' id='word_1_76' title='bbox 887 911 1009 962; x_wconf 81' lang='lat' dir='ltr'>(Friv.</span> <span class='ocrx_word' id='word_1_77' title='bbox 1030 923 1077 949; x_wconf 84' lang='lat' dir='ltr'>ex</span> <span class='ocrx_word' id='word_1_78' title='bbox 1094 910 1281 964; x_wconf 83' lang='lat' dir='ltr'>Griseb.),</span> <span class='ocrx_word' id='word_1_79' title='bbox 1302 911 1467 952; x_wconf 86' lang='lat' dir='ltr'>Caucasi</span> <span class='ocrx_word' id='word_1_80' title='bbox 1480 913 1583 964; x_wconf 87' lang='grc' dir='ltr'><strong>(ΜΒ.</strong></span> <span class='ocrx_word' id='word_1_81' title='bbox 1608 911 1651 951; x_wconf 91' lang='lat' dir='ltr'>C.</span> <span class='ocrx_word' id='word_1_82' title='bbox 1669 911 1821 963; x_wconf 86' lang='lat' dir='ltr'>Koch),</span> <span class='ocrx_word' id='word_1_83' title='bbox 1844 912 1883 950; x_wconf 92' lang='lat' dir='ltr'>in</span> 
     </span>
     <span class='ocr_line' id='line_1_12' title="bbox 191 967 1375 1026; baseline -0.003 -13"><span class='ocrx_word' id='word_1_84' title='bbox 191 974 366 1023; x_wconf 73' lang='lat' dir='ltr'>Georgia</span> <span class='ocrx_word' id='word_1_85' title='bbox 389 985 514 1023; x_wconf 87' lang='lat' dir='ltr'>prope</span> <span class='ocrx_word' id='word_1_86' title='bbox 537 971 809 1011; x_wconf 86' lang='lat' dir='ltr'>Helenendorf</span> <span class='ocrx_word' id='word_1_87' title='bbox 829 967 1001 1026; x_wconf 78' lang='lat' dir='ltr'>(Hohl).</span> <span class='ocrx_word' id='word_1_88' title='bbox 1027 971 1090 1009; x_wconf 85' lang='lat' dir='ltr'>Fl.</span> <span class='ocrx_word' id='word_1_89' title='bbox 1116 971 1242 1020; x_wconf 82' lang='lat' dir='ltr'>primo</span> <span class='ocrx_word' id='word_1_90' title='bbox 1268 983 1375 1010; x_wconf 88' lang='lat' dir='ltr'>vere.</span> 
     </span>
     <span class='ocr_line' id='line_1_13' title="bbox 191 1038 1885 1140; baseline -0.001 -61"><span class='ocrx_word' id='word_1_91' title='bbox 191 1038 515 1140; x_wconf 48' lang='lat' dir='ltr'>Bassgieffrsesogr.</span> <span class='ocrx_word' id='word_1_92' title='bbox 539 1040 700 1089; x_wconf 85' lang='lat' dir='ltr'>Europa</span> <span class='ocrx_word' id='word_1_93' title='bbox 723 1040 808 1078; x_wconf 87' lang='lat' dir='ltr'>bor.</span> <span class='ocrx_word' id='word_1_94' title='bbox 835 1042 874 1077; x_wconf 84' lang='lat' dir='ltr'>et</span> <span class='ocrx_word' id='word_1_95' title='bbox 910 1038 1012 1076; x_wconf 87' lang='lat' dir='ltr'>med.</span> <span class='ocrx_word' id='word_1_96' title='bbox 1047 1049 1170 1087; x_wconf 81' lang='lat' dir='ltr'>usque</span> <span class='ocrx_word' id='word_1_97' title='bbox 1203 1039 1255 1077; x_wconf 86' lang='lat' dir='ltr'>ad</span> <span class='ocrx_word' id='word_1_98' title='bbox 1277 1039 1471 1078; x_wconf 86' lang='lat' dir='ltr'>Rossiam.</span> <span class='ocrx_word' id='word_1_99' title='bbox 1496 1038 1639 1078; x_wconf 86' lang='lat' dir='ltr'>Sibiria</span> <span class='ocrx_word' id='word_1_100' title='bbox 1662 1038 1819 1078; x_wconf 87' lang='lat' dir='ltr'>Altaica</span> <span class='ocrx_word' id='word_1_101' title='bbox 1845 1041 1885 1078; x_wconf 84' lang='lat' dir='ltr'>et</span> 
     </span>
    </p>
   </div>
   <div class='ocr_carea' id='block_1_6' title="bbox 266 1215 1884 1394">
    <p class='ocr_par' dir='ltr' id='par_1_7' title="bbox 266 1215 1884 1394">
     <span class='ocr_line' id='line_1_14' title="bbox 266 1215 1879 1273; baseline -0.004 -8"><span class='ocrx_word' id='word_1_102' title='bbox 266 1221 389 1265; x_wconf 71' lang='lat' dir='ltr'><strong>SECT.</strong></span> <span class='ocrx_word' id='word_1_103' title='bbox 434 1220 481 1263; x_wconf 89' lang='lat' dir='ltr'>V.</span> <span class='ocrx_word' id='word_1_104' title='bbox 522 1219 869 1262; x_wconf 83' lang='lat' dir='ltr'><strong>HOMOLOCARPOS</strong></span> <span class='ocrx_word' id='word_1_105' title='bbox 910 1229 979 1259; x_wconf 84' lang='lat' dir='ltr'>Dc.</span> <span class='ocrx_word' id='word_1_106' title='bbox 1033 1215 1254 1259; x_wconf 79' lang='lat' dir='ltr'>Involucri</span> <span class='ocrx_word' id='word_1_107' title='bbox 1296 1216 1453 1273; x_wconf 80' lang='lat' dir='ltr'>phylla</span> <span class='ocrx_word' id='word_1_108' title='bbox 1496 1216 1587 1259; x_wconf 80' lang='lat' dir='ltr'>basi</span> <span class='ocrx_word' id='word_1_109' title='bbox 1626 1216 1879 1259; x_wconf 78' lang='lat' dir='ltr'>subcoalita.</span> 
     </span>
     <span class='ocr_line' id='line_1_15' title="bbox 516 1273 1884 1332; baseline -0.002 -11"><span class='ocrx_word' id='word_1_110' title='bbox 516 1277 719 1321; x_wconf 73' lang='lat' dir='ltr'>Stamina</span> <span class='ocrx_word' id='word_1_111' title='bbox 744 1281 874 1318; x_wconf 69' lang='lat' dir='ltr'>exter.</span> <span class='ocrx_word' id='word_1_112' title='bbox 904 1275 1153 1318; x_wconf 78' lang='lat' dir='ltr'>immutata.</span> <span class='ocrx_word' id='word_1_113' title='bbox 1187 1273 1389 1332; x_wconf 79' lang='lat' dir='ltr'>Carpella</span> <span class='ocrx_word' id='word_1_114' title='bbox 1425 1288 1661 1332; x_wconf 77' lang='lat' dir='ltr'>compressa</span> <span class='ocrx_word' id='word_1_115' title='bbox 1690 1275 1884 1332; x_wconf 74' lang='lat' dir='ltr'>elliptica</span> 
     </span>
     <span class='ocr_line' id='line_1_16' title="bbox 514 1333 1427 1394; baseline -0.003 -15"><span class='ocrx_word' id='word_1_116' title='bbox 514 1336 666 1394; x_wconf 70' lang='lat' dir='ltr'>ylabra</span> <span class='ocrx_word' id='word_1_117' title='bbox 695 1334 806 1390; x_wconf 74' lang='lat' dir='ltr'>stylo</span> <span class='ocrx_word' id='word_1_118' title='bbox 840 1334 955 1377; x_wconf 77' lang='lat' dir='ltr'>brevi</span> <span class='ocrx_word' id='word_1_119' title='bbox 985 1339 1159 1377; x_wconf 77' lang='lat' dir='ltr'>curvato</span> <span class='ocrx_word' id='word_1_120' title='bbox 1191 1333 1427 1391; x_wconf 72' lang='lat' dir='ltr'>apiculam.</span> 
     </span>
    </p>
   </div>
   <div class='ocr_carea' id='block_1_7' title="bbox 189 1448 1882 1571">
    <p class='ocr_par' dir='ltr' id='par_1_8' title="bbox 189 1448 1882 1571">
     <span class='ocr_line' id='line_1_17' title="bbox 267 1448 1882 1508; baseline -0.004 -8"><span class='ocrx_word' id='word_1_121' title='bbox 267 1457 328 1500; x_wconf 89' lang='lat' dir='ltr'>A.</span> <span class='ocrx_word' id='word_1_122' title='bbox 372 1452 786 1498; x_wconf 77' lang='lat' dir='ltr'>narcissiflora</span> <span class='ocrx_word' id='word_1_123' title='bbox 820 1450 891 1508; x_wconf 77' lang='lat' dir='ltr'>(L.</span> <span class='ocrx_word' id='word_1_124' title='bbox 936 1449 1006 1507; x_wconf 87' lang='lat' dir='ltr'>Sp.</span> <span class='ocrx_word' id='word_1_125' title='bbox 1053 1448 1159 1507; x_wconf 81' lang='lat'>763)</span> <span class='ocrx_word' id='word_1_126' title='bbox 1203 1449 1314 1493; x_wconf 90' lang='lat' dir='ltr'>foliis</span> <span class='ocrx_word' id='word_1_127' title='bbox 1356 1450 1615 1494; x_wconf 81' lang='lat' dir='ltr'>radicalibus</span> <span class='ocrx_word' id='word_1_128' title='bbox 1657 1450 1882 1507; x_wconf 87' lang='lat' dir='ltr'>palmatim</span> 
     </span>
     <span class='ocr_line' id='line_1_18' title="bbox 189 1508 1879 1571; baseline -0.002 -14"><span class='ocrx_word' id='word_1_129' title='bbox 189 1514 267 1558; x_wconf 79' lang='lat'>3-5</span> <span class='ocrx_word' id='word_1_130' title='bbox 294 1513 458 1571; x_wconf 83' lang='lat' dir='ltr'>partitis</span> <span class='ocrx_word' id='word_1_131' title='bbox 485 1513 549 1556; x_wconf 90' lang='lat' dir='ltr'>vel</span> <span class='ocrx_word' id='word_1_132' title='bbox 582 1510 707 1554; x_wconf 88' lang='lat' dir='ltr'>sectis</span> <span class='ocrx_word' id='word_1_133' title='bbox 734 1509 965 1566; x_wconf 86' lang='lat' dir='ltr'>segmentis</span> <span class='ocrx_word' id='word_1_134' title='bbox 992 1508 1202 1566; x_wconf 83' lang='lat' dir='ltr'>profunde</span> <span class='ocrx_word' id='word_1_135' title='bbox 1229 1508 1374 1552; x_wconf 86' lang='lat' dir='ltr'>incisis</span> <span class='ocrx_word' id='word_1_136' title='bbox 1415 1508 1581 1552; x_wconf 89' lang='lat' dir='ltr'>laciniis</span> <span class='ocrx_word' id='word_1_137' title='bbox 1615 1508 1879 1564; x_wconf 80' lang='lat' dir='ltr'>linearibus,</span> 
     </span>
    </p>
   </div>
   <div class='ocr_carea' id='block_1_8' title="bbox 188 1567 1879 1687">
    <p class='ocr_par' dir='ltr' id='par_1_9' title="bbox 188 1567 1879 1687">
     <span class='ocr_line' id='line_1_19' title="bbox 188 1567 1879 1625; baseline -0.003 -9"><span class='ocrx_word' id='word_1_138' title='bbox 188 1572 519 1616; x_wconf 85' lang='lat' dir='ltr'>involucralibus</span> <span class='ocrx_word' id='word_1_139' title='bbox 545 1569 713 1623; x_wconf 89' lang='lat' dir='ltr'>incisis,</span> <span class='ocrx_word' id='word_1_140' title='bbox 751 1568 929 1611; x_wconf 89' lang='lat' dir='ltr'>ssoribus</span> <span class='ocrx_word' id='word_1_141' title='bbox 954 1567 1212 1620; x_wconf 86' lang='lat' dir='ltr'>umbellatis,</span> <span class='ocrx_word' id='word_1_142' title='bbox 1242 1567 1395 1625; x_wconf 83' lang='lat' dir='ltr'>sepalis</span> <span class='ocrx_word' id='word_1_143' title='bbox 1423 1567 1647 1625; x_wconf 88' lang='lat' dir='ltr'>subquinis</span> <span class='ocrx_word' id='word_1_144' title='bbox 1661 1567 1879 1624; x_wconf 89' lang='lat' dir='ltr'>ellipticis.</span> 
     </span>
     <span class='ocr_line' id='line_1_20' title="bbox 199 1624 1247 1687; baseline -0.006 -12"><span class='ocrx_word' id='word_1_145' title='bbox 199 1640 261 1681; x_wconf 72' lang='lat'>26.</span> <span class='ocrx_word' id='word_1_146' title='bbox 299 1632 356 1674; x_wconf 91' lang='lat' dir='ltr'>lc.</span> <span class='ocrx_word' id='word_1_147' title='bbox 386 1631 504 1687; x_wconf 84' lang='lat' dir='ltr'>Jacq.</span> <span class='ocrx_word' id='word_1_148' title='bbox 526 1630 668 1672; x_wconf 86' lang='lat' dir='ltr'>Austr.</span> <span class='ocrx_word' id='word_1_149' title='bbox 699 1634 728 1670; x_wconf 80' lang='lat' dir='ltr'>t.</span> <span class='ocrx_word' id='word_1_150' title='bbox 761 1626 860 1670; x_wconf 79' lang='lat'>159.</span> <span class='ocrx_word' id='word_1_151' title='bbox 893 1627 1027 1670; x_wconf 87' lang='lat' dir='ltr'>Rchb.</span> <span class='ocrx_word' id='word_1_152' title='bbox 1059 1626 1088 1669; x_wconf 89' lang='lat' dir='ltr'>f.</span> <span class='ocrx_word' id='word_1_153' title='bbox 1116 1624 1247 1669; x_wconf 82' lang='lat'><strong>4647.</strong></span> 
     </span>
    </p>
   </div>
   <div class='ocr_carea' id='block_1_9' title="bbox 187 1696 1880 2317">
    <p class='ocr_par' dir='ltr' id='par_1_10' title="bbox 187 1696 1879 1919">
     <span class='ocr_line' id='line_1_21' title="bbox 249 1696 1879 1750; baseline -0.002 -11"><span class='ocrx_word' id='word_1_154' title='bbox 249 1703 351 1741; x_wconf 87' lang='lat' dir='ltr'>Hab.</span> <span class='ocrx_word' id='word_1_155' title='bbox 373 1702 411 1739; x_wconf 92' lang='lat' dir='ltr'>in</span> <span class='ocrx_word' id='word_1_156' title='bbox 436 1702 559 1750; x_wconf 84' lang='lat' dir='ltr'>pratis</span> <span class='ocrx_word' id='word_1_157' title='bbox 584 1700 758 1748; x_wconf 67' lang='lat' dir='ltr'>regionis</span> <span class='ocrx_word' id='word_1_158' title='bbox 782 1699 938 1748; x_wconf 82' lang='lat' dir='ltr'>alpinae,</span> <span class='ocrx_word' id='word_1_159' title='bbox 965 1698 1200 1736; x_wconf 72' lang='lat' dir='ltr'>Macedonia</span> <span class='ocrx_word' id='word_1_160' title='bbox 1225 1698 1263 1734; x_wconf 89' lang='lat' dir='ltr'>in</span> <span class='ocrx_word' id='word_1_161' title='bbox 1287 1696 1435 1735; x_wconf 86' lang='lat' dir='ltr'>Scardo</span> <span class='ocrx_word' id='word_1_162' title='bbox 1459 1696 1668 1749; x_wconf 86' lang='lat' dir='ltr'>(Griseb.),</span> <span class='ocrx_word' id='word_1_163' title='bbox 1683 1697 1879 1736; x_wconf 80' lang='lat' dir='ltr'>Armeniae</span> 
     </span>
     <span class='ocr_line' id='line_1_22' title="bbox 190 1756 1879 1810; baseline -0.003 -11"><span class='ocrx_word' id='word_1_164' title='bbox 190 1765 320 1800; x_wconf 84' lang='lat' dir='ltr'>monte</span> <span class='ocrx_word' id='word_1_165' title='bbox 345 1761 564 1810; x_wconf 82' lang='lat' dir='ltr'>Tecbdagh</span> <span class='ocrx_word' id='word_1_166' title='bbox 588 1761 653 1798; x_wconf 81' lang='lat' dir='ltr'>alt.</span> <span class='ocrx_word' id='word_1_167' title='bbox 682 1756 816 1799; x_wconf 84' lang='lat'>7000‘</span> <span class='ocrx_word' id='word_1_168' title='bbox 843 1757 985 1808; x_wconf 79' lang='lat' dir='ltr'>(Huetl</span> <span class='ocrx_word' id='word_1_169' title='bbox 1006 1761 1037 1804; x_wconf 74' lang='grc'>),</span> <span class='ocrx_word' id='word_1_170' title='bbox 1059 1757 1247 1794; x_wconf 70' lang='lat' dir='ltr'>Armenia</span> <span class='ocrx_word' id='word_1_171' title='bbox 1269 1756 1449 1794; x_wconf 73' lang='lat' dir='ltr'>Kardiea</span> <span class='ocrx_word' id='word_1_172' title='bbox 1473 1757 1572 1794; x_wconf 79' lang='lat' dir='ltr'>inter</span> <span class='ocrx_word' id='word_1_173' title='bbox 1596 1757 1683 1794; x_wconf 91' lang='lat' dir='ltr'>Van</span> <span class='ocrx_word' id='word_1_174' title='bbox 1702 1760 1741 1795; x_wconf 88' lang='lat' dir='ltr'>et</span> <span class='ocrx_word' id='word_1_175' title='bbox 1763 1758 1879 1796; x_wconf 86' lang='lat' dir='ltr'>Bitlis</span> 
     </span>
     <span class='ocr_line' id='line_1_23' title="bbox 188 1815 1879 1872; baseline -0.003 -13"><span class='ocrx_word' id='word_1_176' title='bbox 188 1820 328 1872; x_wconf 74' lang='lat' dir='ltr'>(Barre</span> <span class='ocrx_word' id='word_1_177' title='bbox 344 1822 384 1872; x_wconf 86' lang='lat'>!)‚</span> <span class='ocrx_word' id='word_1_178' title='bbox 411 1820 589 1859; x_wconf 84' lang='lat' dir='ltr'>Caucaso</span> <span class='ocrx_word' id='word_1_179' title='bbox 618 1817 719 1871; x_wconf 83' lang='grc' dir='ltr'><strong>(ΜΒ.</strong></span> <span class='ocrx_word' id='word_1_180' title='bbox 755 1818 797 1857; x_wconf 92' lang='lat' dir='ltr'>C.</span> <span class='ocrx_word' id='word_1_181' title='bbox 819 1819 865 1856; x_wconf 91' lang='lat' dir='ltr'>A.</span> <span class='ocrx_word' id='word_1_182' title='bbox 878 1816 947 1868; x_wconf 89' lang='lat' dir='ltr'>M.)</span> <span class='ocrx_word' id='word_1_183' title='bbox 972 1817 1118 1855; x_wconf 84' lang='lat' dir='ltr'>Persiae</span> <span class='ocrx_word' id='word_1_184' title='bbox 1135 1817 1218 1855; x_wconf 89' lang='lat' dir='ltr'>bor.</span> <span class='ocrx_word' id='word_1_185' title='bbox 1244 1820 1375 1854; x_wconf 87' lang='lat' dir='ltr'>monte</span> <span class='ocrx_word' id='word_1_186' title='bbox 1397 1815 1574 1864; x_wconf 74' lang='lat' dir='ltr'>Karagol</span> <span class='ocrx_word' id='word_1_187' title='bbox 1597 1815 1792 1867; x_wconf 80' lang='lat' dir='ltr'>(Szowl).</span> <span class='ocrx_word' id='word_1_188' title='bbox 1818 1817 1879 1855; x_wconf 82' lang='lat' dir='ltr'>Fl.</span> 
     </span>
     <span class='ocr_line' id='line_1_24' title="bbox 187 1882 452 1919; baseline -0.004 0"><span class='ocrx_word' id='word_1_189' title='bbox 187 1882 345 1919; x_wconf 85' lang='lat' dir='ltr'>ineunte</span> <span class='ocrx_word' id='word_1_190' title='bbox 367 1884 452 1918; x_wconf 83' lang='lat' dir='ltr'>aest.</span> 
     </span>
    </p>

    <p class='ocr_par' dir='ltr' id='par_1_11' title="bbox 189 1937 1880 2056">
     <span class='ocr_line' id='line_1_25' title="bbox 245 1937 1880 2001; baseline -0.004 -12"><span class='ocrx_word' id='word_1_191' title='bbox 245 1947 292 2001; x_wconf 84' lang='grc' dir='ltr'>β.</span> <span class='ocrx_word' id='word_1_192' title='bbox 337 1942 646 1988; x_wconf 74' lang='lat' dir='ltr'>Willdenowiz&#39;.</span> <span class='ocrx_word' id='word_1_193' title='bbox 676 1941 793 1984; x_wconf 86' lang='lat' dir='ltr'>Folia</span> <span class='ocrx_word' id='word_1_194' title='bbox 818 1940 1098 1983; x_wconf 84' lang='lat' dir='ltr'>involucralia</span> <span class='ocrx_word' id='word_1_195' title='bbox 1131 1938 1327 1983; x_wconf 86' lang='lat' dir='ltr'>indivisa.</span> <span class='ocrx_word' id='word_1_196' title='bbox 1357 1937 1627 1982; x_wconf 84' lang='lat' dir='ltr'>Intermediis</span> <span class='ocrx_word' id='word_1_197' title='bbox 1654 1938 1707 1982; x_wconf 91' lang='lat' dir='ltr'>ad</span> <span class='ocrx_word' id='word_1_198' title='bbox 1735 1944 1880 1997; x_wconf 87' lang='lat' dir='ltr'>typum</span> 
     </span>
     <span class='ocr_line' id='line_1_26' title="bbox 189 1996 1874 2056; baseline -0.004 -8"><span class='ocrx_word' id='word_1_199' title='bbox 189 2004 416 2048; x_wconf 81' lang='lat' dir='ltr'>transiens.</span> <span class='ocrx_word' id='word_1_200' title='bbox 446 2002 499 2045; x_wconf 91' lang='lat' dir='ltr'>A.</span> <span class='ocrx_word' id='word_1_201' title='bbox 529 2000 767 2044; x_wconf 70' lang='lat' dir='ltr'>umbellam</span> <span class='ocrx_word' id='word_1_202' title='bbox 794 1998 938 2043; x_wconf 89' lang='lat' dir='ltr'>Willd.</span> <span class='ocrx_word' id='word_1_203' title='bbox 969 1997 1040 2056; x_wconf 89' lang='lat' dir='ltr'>Sp.</span> <span class='ocrx_word' id='word_1_204' title='bbox 1071 1998 1121 2041; x_wconf 92' lang='grc'>11</span> <span class='ocrx_word' id='word_1_205' title='bbox 1153 2012 1196 2056; x_wconf 89' lang='lat' dir='ltr'>p.</span> <span class='ocrx_word' id='word_1_206' title='bbox 1228 1996 1357 2041; x_wconf 66' lang='lat'><strong>1284.</strong></span> <span class='ocrx_word' id='word_1_207' title='bbox 1388 1997 1545 2052; x_wconf 87' lang='lat' dir='ltr'>Deless.</span> <span class='ocrx_word' id='word_1_208' title='bbox 1578 1997 1636 2040; x_wconf 90' lang='lat' dir='ltr'>Ic.</span> <span class='ocrx_word' id='word_1_209' title='bbox 1676 1997 1762 2041; x_wconf 85' lang='lat' dir='ltr'>tab.</span> <span class='ocrx_word' id='word_1_210' title='bbox 1803 1996 1874 2041; x_wconf 87' lang='grc'>18.</span> 
     </span>
    </p>

    <p class='ocr_par' dir='ltr' id='par_1_12' title="bbox 247 2060 1752 2123">
     <span class='ocr_line' id='line_1_27' title="bbox 247 2060 1752 2123; baseline -0.004 -10"><span class='ocrx_word' id='word_1_211' title='bbox 247 2075 348 2113; x_wconf 89' lang='lat' dir='ltr'>Hab.</span> <span class='ocrx_word' id='word_1_212' title='bbox 373 2075 413 2112; x_wconf 88' lang='lat' dir='ltr'>in</span> <span class='ocrx_word' id='word_1_213' title='bbox 438 2072 693 2121; x_wconf 74' lang='lat' dir='ltr'>Cappadocia</span> <span class='ocrx_word' id='word_1_214' title='bbox 720 2070 915 2123; x_wconf 84' lang='lat' dir='ltr'>(Tournef</span> <span class='ocrx_word' id='word_1_215' title='bbox 933 2069 1058 2108; x_wconf 88' lang='lat' dir='ltr'>Auch.</span> <span class='ocrx_word' id='word_1_216' title='bbox 1093 2081 1176 2112; x_wconf 82' lang='lat' dir='ltr'>exs.</span> <span class='ocrx_word' id='word_1_217' title='bbox 1204 2067 1322 2122; x_wconf 76' lang='lat'>141),</span> <span class='ocrx_word' id='word_1_218' title='bbox 1347 2068 1536 2106; x_wconf 71' lang='lat' dir='ltr'>Armenia</span> <span class='ocrx_word' id='word_1_219' title='bbox 1565 2060 1752 2123; x_wconf 63' lang='lat' dir='ltr'>(Calvl).&#39;</span> 
     </span>
    </p>

    <p class='ocr_par' dir='ltr' id='par_1_13' title="bbox 245 2134 1760 2189">
     <span class='ocr_line' id='line_1_28' title="bbox 245 2134 1760 2189; baseline -0.004 -9"><span class='ocrx_word' id='word_1_220' title='bbox 245 2142 341 2179; x_wconf 83' lang='lat' dir='ltr'>Haec</span> <span class='ocrx_word' id='word_1_221' title='bbox 364 2141 518 2189; x_wconf 87' lang='lat' dir='ltr'>species</span> <span class='ocrx_word' id='word_1_222' title='bbox 542 2140 580 2176; x_wconf 89' lang='lat' dir='ltr'>in</span> <span class='ocrx_word' id='word_1_223' title='bbox 604 2138 780 2176; x_wconf 84' lang='lat' dir='ltr'>Caucaso</span> <span class='ocrx_word' id='word_1_224' title='bbox 804 2136 964 2175; x_wconf 85' lang='lat' dir='ltr'>floribus</span> <span class='ocrx_word' id='word_1_225' title='bbox 989 2136 1178 2175; x_wconf 87' lang='lat' dir='ltr'>violaceis</span> <span class='ocrx_word' id='word_1_226' title='bbox 1203 2140 1241 2174; x_wconf 83' lang='lat' dir='ltr'>et</span> <span class='ocrx_word' id='word_1_227' title='bbox 1265 2135 1393 2173; x_wconf 87' lang='lat' dir='ltr'>aureis</span> <span class='ocrx_word' id='word_1_228' title='bbox 1419 2134 1573 2172; x_wconf 87' lang='lat' dir='ltr'>variare</span> <span class='ocrx_word' id='word_1_229' title='bbox 1605 2135 1760 2174; x_wconf 85' lang='lat' dir='ltr'>dicitur.</span> 
     </span>
    </p>

    <p class='ocr_par' dir='ltr' id='par_1_14' title="bbox 188 2201 1878 2317">
     <span class='ocr_line' id='line_1_29' title="bbox 245 2201 1878 2257; baseline -0.004 -12"><span class='ocrx_word' id='word_1_230' title='bbox 245 2207 325 2247; x_wconf 83' lang='lat' dir='ltr'>Ar.</span> <span class='ocrx_word' id='word_1_231' title='bbox 351 2206 515 2257; x_wconf 81' lang='lat' dir='ltr'>Geogr.</span> <span class='ocrx_word' id='word_1_232' title='bbox 542 2205 668 2254; x_wconf 85' lang='lat' dir='ltr'>Regio</span> <span class='ocrx_word' id='word_1_233' title='bbox 692 2204 823 2252; x_wconf 89' lang='lat' dir='ltr'>alpina</span> <span class='ocrx_word' id='word_1_234' title='bbox 845 2203 963 2241; x_wconf 88' lang='lat' dir='ltr'>totius</span> <span class='ocrx_word' id='word_1_235' title='bbox 988 2203 1156 2251; x_wconf 82' lang='lat' dir='ltr'>Europae</span> <span class='ocrx_word' id='word_1_236' title='bbox 1180 2202 1318 2240; x_wconf 84' lang='lat' dir='ltr'>mediae</span> <span class='ocrx_word' id='word_1_237' title='bbox 1336 2206 1374 2240; x_wconf 85' lang='lat' dir='ltr'>et</span> <span class='ocrx_word' id='word_1_238' title='bbox 1398 2201 1536 2247; x_wconf 80' lang='lat' dir='ltr'>Italiae,</span> <span class='ocrx_word' id='word_1_239' title='bbox 1562 2201 1716 2240; x_wconf 83' lang='lat' dir='ltr'>Sibiriae</span> <span class='ocrx_word' id='word_1_240' title='bbox 1743 2201 1878 2247; x_wconf 84' lang='lat' dir='ltr'>totius,</span> 
     </span>
     <span class='ocr_line' id='line_1_30' title="bbox 188 2262 1078 2317; baseline -0.008 -11"><span class='ocrx_word' id='word_1_241' title='bbox 188 2268 298 2317; x_wconf 78' lang='lat' dir='ltr'>regni</span> <span class='ocrx_word' id='word_1_242' title='bbox 326 2266 598 2315; x_wconf 85' lang='lat' dir='ltr'>Cachemirici,</span> <span class='ocrx_word' id='word_1_243' title='bbox 624 2263 817 2302; x_wconf 86' lang='lat' dir='ltr'>Americae</span> <span class='ocrx_word' id='word_1_244' title='bbox 839 2263 925 2300; x_wconf 86' lang='lat' dir='ltr'>bor.</span> <span class='ocrx_word' id='word_1_245' title='bbox 951 2262 1078 2301; x_wconf 89' lang='lat' dir='ltr'>occid.</span> 
     </span>
    </p>
   </div>
   <div class='ocr_carea' id='block_1_10' title="bbox 245 2397 1881 2521">
    <p class='ocr_par' dir='ltr' id='par_1_15' title="bbox 245 2397 1881 2521">
     <span class='ocr_line' id='line_1_31' title="bbox 245 2397 1881 2460; baseline -0.007 -8"><span class='ocrx_word' id='word_1_246' title='bbox 245 2408 370 2452; x_wconf 79' lang='lat' dir='ltr'><strong>SECT.</strong></span> <span class='ocrx_word' id='word_1_247' title='bbox 399 2407 470 2451; x_wconf 89' lang='lat' dir='ltr'>VI.</span> <span class='ocrx_word' id='word_1_248' title='bbox 500 2405 736 2449; x_wconf 78' lang='lat' dir='ltr'><strong>HEPATICA.</strong></span> <span class='ocrx_word' id='word_1_249' title='bbox 766 2402 905 2446; x_wconf 79' lang='lat' dir='ltr'>Invol.</span> <span class='ocrx_word' id='word_1_250' title='bbox 938 2400 1201 2460; x_wconf 77' lang='lat' dir='ltr'>triphyllum</span> <span class='ocrx_word' id='word_1_251' title='bbox 1224 2400 1498 2458; x_wconf 76' lang='lat' dir='ltr'>calyciforme</span> <span class='ocrx_word' id='word_1_252' title='bbox 1531 2399 1630 2456; x_wconf 75' lang='lat' dir='ltr'>flori</span> <span class='ocrx_word' id='word_1_253' title='bbox 1654 2397 1778 2442; x_wconf 83' lang='lat' dir='ltr'>valde</span> <span class='ocrx_word' id='word_1_254' title='bbox 1808 2411 1881 2454; x_wconf 83' lang='lat' dir='ltr'>ap-</span> 
     </span>
     <span class='ocr_line' id='line_1_32' title="bbox 536 2456 1880 2521; baseline -0.007 -14"><span class='ocrx_word' id='word_1_255' title='bbox 536 2464 850 2521; x_wconf 62' lang='lat' dir='ltr'>proximatam.</span> <span class='ocrx_word' id='word_1_256' title='bbox 899 2460 1103 2518; x_wconf 81' lang='lat' dir='ltr'>Carpella</span> <span class='ocrx_word' id='word_1_257' title='bbox 1142 2459 1322 2519; x_wconf 64' lang='lat' dir='ltr'>oblonga</span> <span class='ocrx_word' id='word_1_258' title='bbox 1364 2463 1595 2504; x_wconf 77' lang='lat' dir='ltr'>tomentosa</span> <span class='ocrx_word' id='word_1_259' title='bbox 1632 2457 1679 2500; x_wconf 79' lang='lat' dir='ltr'>in</span> <span class='ocrx_word' id='word_1_260' title='bbox 1715 2456 1880 2513; x_wconf 75' lang='lat' dir='ltr'>stylum</span> 
     </span>
    </p>
   </div>
   <div class='ocr_carea' id='block_1_11' title="bbox 541 2521 1205 2580">
    <p class='ocr_par' dir='ltr' id='par_1_16' title="bbox 541 2521 1205 2580">
     <span class='ocr_line' id='line_1_33' title="bbox 541 2521 1205 2580; baseline -0.006 -14"><span class='ocrx_word' id='word_1_261' title='bbox 541 2524 706 2566; x_wconf 78' lang='lat' dir='ltr'>brevem</span> <span class='ocrx_word' id='word_1_262' title='bbox 736 2521 937 2580; x_wconf 73' lang='lat' dir='ltr'>ylabruw</span> <span class='ocrx_word' id='word_1_263' title='bbox 964 2524 1205 2563; x_wconf 79' lang='lat' dir='ltr'>attenuata.</span> 
     </span>
    </p>
   </div>
   <div class='ocr_carea' id='block_1_12' title="bbox 188 2620 1878 2863">
    <p class='ocr_par' dir='ltr' id='par_1_17' title="bbox 188 2620 1878 2863">
     <span class='ocr_line' id='line_1_34' title="bbox 245 2620 1878 2690; baseline -0.01 -10"><span class='ocrx_word' id='word_1_264' title='bbox 245 2636 307 2679; x_wconf 89' lang='lat' dir='ltr'>A.</span> <span class='ocrx_word' id='word_1_265' title='bbox 341 2633 626 2690; x_wconf 80' lang='lat' dir='ltr'>Hepatica</span> <span class='ocrx_word' id='word_1_266' title='bbox 654 2630 720 2687; x_wconf 91' lang='lat' dir='ltr'>(L.</span> <span class='ocrx_word' id='word_1_267' title='bbox 751 2628 821 2686; x_wconf 89' lang='lat' dir='ltr'>Sp.</span> <span class='ocrx_word' id='word_1_268' title='bbox 852 2626 959 2685; x_wconf 85' lang='lat'>758)</span> <span class='ocrx_word' id='word_1_269' title='bbox 986 2626 1097 2671; x_wconf 86' lang='lat' dir='ltr'>soliis</span> <span class='ocrx_word' id='word_1_270' title='bbox 1123 2624 1381 2670; x_wconf 86' lang='lat' dir='ltr'>radicalibus</span> <span class='ocrx_word' id='word_1_271' title='bbox 1413 2621 1779 2668; x_wconf 84' lang='lat' dir='ltr'>cordato-trilobis</span> <span class='ocrx_word' id='word_1_272' title='bbox 1811 2620 1878 2664; x_wconf 92' lang='lat' dir='ltr'>in-</span> 
     </span>
     <span class='ocr_line' id='line_1_35' title="bbox 190 2679 1878 2750; baseline -0.008 -13"><span class='ocrx_word' id='word_1_273' title='bbox 190 2692 458 2750; x_wconf 86' lang='lat' dir='ltr'>tegerrimis,</span> <span class='ocrx_word' id='word_1_274' title='bbox 497 2688 829 2734; x_wconf 87' lang='lat' dir='ltr'>involucralibus</span> <span class='ocrx_word' id='word_1_275' title='bbox 870 2686 1004 2730; x_wconf 89' lang='lat' dir='ltr'>ternis</span> <span class='ocrx_word' id='word_1_276' title='bbox 1044 2684 1248 2741; x_wconf 85' lang='lat' dir='ltr'>integris,</span> <span class='ocrx_word' id='word_1_277' title='bbox 1283 2682 1435 2741; x_wconf 88' lang='lat' dir='ltr'>sepalis</span> <span class='ocrx_word' id='word_1_278' title='bbox 1477 2681 1673 2738; x_wconf 87' lang='lat' dir='ltr'>oblongis</span> <span class='ocrx_word' id='word_1_279' title='bbox 1714 2679 1878 2724; x_wconf 85' lang='lat' dir='ltr'>obtusis</span> 
     </span>
     <span class='ocr_line' id='line_1_36' title="bbox 189 2738 1874 2803; baseline -0.009 -7"><span class='ocrx_word' id='word_1_280' title='bbox 189 2750 387 2796; x_wconf 84' lang='lat' dir='ltr'>coeruleis</span> <span class='ocrx_word' id='word_1_281' title='bbox 414 2750 554 2793; x_wconf 87' lang='lat' dir='ltr'>rarius</span> <span class='ocrx_word' id='word_1_282' title='bbox 581 2748 711 2802; x_wconf 84' lang='lat' dir='ltr'>albis,</span> <span class='ocrx_word' id='word_1_283' title='bbox 746 2745 1015 2803; x_wconf 86' lang='lat' dir='ltr'>receptaculo</span> <span class='ocrx_word' id='word_1_284' title='bbox 1041 2742 1368 2801; x_wconf 84' lang='lat' dir='ltr'>hemisphaerico</span> <span class='ocrx_word' id='word_1_285' title='bbox 1404 2749 1465 2792; x_wconf 74' lang='lat'>26.</span> <span class='ocrx_word' id='word_1_286' title='bbox 1497 2741 1554 2785; x_wconf 89' lang='lat' dir='ltr'>Ic.</span> <span class='ocrx_word' id='word_1_287' title='bbox 1585 2740 1648 2786; x_wconf 84' lang='lat' dir='ltr'>Fl.</span> <span class='ocrx_word' id='word_1_288' title='bbox 1677 2738 1814 2784; x_wconf 76' lang='lat' dir='ltr'>Graec.</span> <span class='ocrx_word' id='word_1_289' title='bbox 1845 2744 1874 2781; x_wconf 90' lang='lat' dir='ltr'>t.</span> 
     </span>
     <span class='ocr_line' id='line_1_37' title="bbox 188 2800 1278 2863; baseline -0.009 -9"><span class='ocrx_word' id='word_1_290' title='bbox 188 2810 290 2854; x_wconf 80' lang='lat'><strong>513.</strong></span> <span class='ocrx_word' id='word_1_291' title='bbox 321 2809 457 2853; x_wconf 87' lang='lat' dir='ltr'>Rchb.</span> <span class='ocrx_word' id='word_1_292' title='bbox 487 2809 517 2852; x_wconf 86' lang='lat' dir='ltr'>f.</span> <span class='ocrx_word' id='word_1_293' title='bbox 546 2807 678 2851; x_wconf 68' lang='lat'><strong>4642.</strong></span> <span class='ocrx_word' id='word_1_294' title='bbox 708 2805 917 2863; x_wconf 80' lang='lat' dir='ltr'>Hepatica</span> <span class='ocrx_word' id='word_1_295' title='bbox 952 2802 1110 2848; x_wconf 79' lang='lat' dir='ltr'>triloba</span> <span class='ocrx_word' id='word_1_296' title='bbox 1134 2800 1278 2845; x_wconf 85' lang='lat' dir='ltr'>Chaix.</span> 
     </span>
    </p>
   </div>
   <div class='ocr_carea' id='block_1_13' title="bbox 190 2871 1881 3049">
    <p class='ocr_par' dir='ltr' id='par_1_18' title="bbox 190 2871 1881 3049">
     <span class='ocr_line' id='line_1_38' title="bbox 248 2871 1515 2929; baseline -0.009 -9"><span class='ocrx_word' id='word_1_297' title='bbox 248 2882 349 2920; x_wconf 90' lang='lat' dir='ltr'>Hab.</span> <span class='ocrx_word' id='word_1_298' title='bbox 374 2882 412 2919; x_wconf 88' lang='lat' dir='ltr'>in</span> <span class='ocrx_word' id='word_1_299' title='bbox 435 2879 638 2929; x_wconf 84' lang='lat' dir='ltr'>sylvaticis</span> <span class='ocrx_word' id='word_1_300' title='bbox 661 2877 842 2916; x_wconf 85' lang='lat' dir='ltr'>Thraciae</span> <span class='ocrx_word' id='word_1_301' title='bbox 867 2875 992 2926; x_wconf 86' lang='lat' dir='ltr'>(Friv.</span> <span class='ocrx_word' id='word_1_302' title='bbox 1016 2887 1063 2913; x_wconf 82' lang='lat' dir='ltr'>ex</span> <span class='ocrx_word' id='word_1_303' title='bbox 1088 2872 1278 2924; x_wconf 85' lang='lat' dir='ltr'>Griseb.).</span> <span class='ocrx_word' id='word_1_304' title='bbox 1309 2872 1368 2910; x_wconf 82' lang='lat' dir='ltr'>Fl.</span> <span class='ocrx_word' id='word_1_305' title='bbox 1400 2871 1515 2910; x_wconf 84' lang='lat' dir='ltr'>Mart.</span> 
     </span>
     <span class='ocr_line' id='line_1_39' title="bbox 248 2934 1881 2998; baseline -0.009 -11"><span class='ocrx_word' id='word_1_306' title='bbox 248 2948 326 2989; x_wconf 81' lang='lat' dir='ltr'>Ar.</span> <span class='ocrx_word' id='word_1_307' title='bbox 350 2947 515 2998; x_wconf 79' lang='lat' dir='ltr'>Geogr.</span> <span class='ocrx_word' id='word_1_308' title='bbox 540 2947 698 2996; x_wconf 84' lang='lat' dir='ltr'>Europa</span> <span class='ocrx_word' id='word_1_309' title='bbox 721 2949 804 2984; x_wconf 85' lang='lat' dir='ltr'>tota</span> <span class='ocrx_word' id='word_1_310' title='bbox 827 2943 894 2983; x_wconf 92' lang='lat' dir='ltr'>ubi</span> <span class='ocrx_word' id='word_1_311' title='bbox 919 2945 1103 2982; x_wconf 84' lang='lat' dir='ltr'>montana</span> <span class='ocrx_word' id='word_1_312' title='bbox 1117 2942 1158 2981; x_wconf 89' lang='lat' dir='ltr'>in</span> <span class='ocrx_word' id='word_1_313' title='bbox 1174 2939 1484 2980; x_wconf 79' lang='lat' dir='ltr'>australioribus.</span> <span class='ocrx_word' id='word_1_314' title='bbox 1509 2937 1665 2977; x_wconf 86' lang='lat' dir='ltr'>Sibiria.</span> <span class='ocrx_word' id='word_1_315' title='bbox 1695 2934 1881 2975; x_wconf 81' lang='lat' dir='ltr'>America</span> 
     </span>
     <span class='ocr_line' id='line_1_40' title="bbox 190 3010 374 3049; baseline -0.016 0"><span class='ocrx_word' id='word_1_316' title='bbox 190 3010 374 3049; x_wconf 84' lang='lat' dir='ltr'>borealis.</span> 
     </span>
    </p>
   </div>
  </div>
 </body>
</html>
