2021 3235
914 180 995 224 747

181 273 242 311 An
265 274 437 312 varietas
459 274 744 322 praecedentis?
777 275 827 312 ab
853 276 900 313 ea
924 277 1053 313 tamen
1079 275 1208 313 differt
1242 275 1372 314 radice
1404 278 1652 326 perennanti,
1687 278 1803 316 ramis

119 331 268 370 inferne
295 333 414 370 dense
438 332 601 383 foliosis,
627 332 730 371 foliis
756 333 1006 372 inferioribus
1030 337 1068 372 et
1093 334 1228 382 calyce
1255 334 1426 372 breviter
1448 335 1633 373 aristatis.

175 496 232 540 P.
251 497 526 541 echinata
552 496 680 551 (Desf.
701 498 780 540 Atl.
813 498 845 550 l,
876 511 915 554 p.
936 497 1023 540 &04
1049 498 1126 540 sub
1144 496 1362 553 Illecebro)
1390 496 1644 561 pubescens,
1674 496 1803 538 ramis

119 554 271 611 patulis
297 554 361 597 vel
388 554 713 599 ascendentibus
740 555 915 612 rigidis,
945 555 1055 599 foliis
1082 554 1585 610 ovato—oblongisacutis
1611 554 1803 609 margine

118 611 401 655 denticulato·
417 613 641 666 scabridis,
668 613 918 670 glomerulis
943 614 1086 657 densis
1113 614 1163 656 ad
1191 612 1334 655 axillas
1360 612 1801 670 pseudoverticillalis‚

120 670 301 714 bracteis
328 671 571 715 lanceolatis
598 671 851 715 acuminatis
877 672 1054 716 floribus
1080 670 1348 715 brevioribus
1366 706 1376 724 ,
1405 670 1558 728 calycis
1584 670 1675 712 basi
1702 670 1802 712 hirti

120 729 371 772 urceolatim
411 730 615 773 contracti
656 729 821 774 laciniis
857 730 1106 787 spathulatis
1141 730 1220 774 sub
1246 728 1365 786 apice
1393 735 1587 772 truncato
1613 729 1737 784 longe
1765 736 1805 770 et

121 788 263 843 patule
289 787 485 831 aristatis.
522 787 597 831 Ill.
617 802 835 845 cymosum
859 788 993 832 Smith
1020 789 1170 832 Prodr.
1201 787 1261 830 Fl.
1292 787 1363 830 Gr.
1396 786 1428 839 l,
1458 801 1499 844 p.
1532 785 1616 830 163
1643 800 1725 829 non
1755 786 1799 828 L.

124 844 183 888 Fl.
213 845 284 890 Gr.
315 846 399 889 tab.
430 845 530 890 245.

179 915 280 954 Hab.
296 916 334 953 in
359 917 535 955 arenosis
554 917 758 954 maritimis
782 916 908 955 Cretae
930 912 1000 971 (ex
1022 911 1190 970 Sibth.)‚
1208 915 1298 953 Meli
1324 915 1460 953 insulae
1476 914 1541 964 (ex
1564 914 1691 963 Urw).
1715 912 1803 951 Non

122 981 214 1020 vidi.

180 1047 255 1088 Ar.
288 1054 449 1100 Geogr.
489 1051 628 1088 Insulae
650 1050 812 1089 Madera
844 1054 880 1088 et
906 1049 1163 1088 Canarienses
1182 1080 1191 1094 ‚
1222 1048 1435 1097 Hispania,
1463 1047 1593 1086 Gallia
1618 1052 1656 1084 et
1690 1046 1803 1083 Italia

122 1110 323 1157 australes,
350 1110 484 1148 Africa
507 1110 690 1148 borealis.

611 1269 930 1318 immanium
967 1269 1028 1331 (L.
1059 1270 1156 1318 Gen.
1193 1270 1310 1332 29⁰).

182 1401 304 1459 Calyx
332 1400 495 1444 laciniis
522 1398 813 1458 5'spongiosis
847 1414 870 1442 a
902 1400 1033 1443 latere
1067 1400 1321 1457 compressis
1354 1401 1480 1442 dorso
1513 1399 1556 1441 in
1589 1396 1807 1454 cuspidem

127 1459 383 1503 abeuntibus
408 1460 538 1502 latere
565 1458 760 1502 interiori
788 1458 997 1502 concavis.
1031 1458 1170 1501 Petala
1193 1458 1423 1501 filisormia.
1453 1456 1638 1500 Stamina
1657 1455 1682 1497 5
1700 1455 1807 1497 sauci

127 1518 281 1577 calycis
307 1518 479 1561 inserta.
511 1516 713 1574 Stigmata
736 1516 762 1559 ‘2
779 1516 1038 1560 subsessilia.
1071 1517 1285 1560 Utriculus
1302 1516 1653 1559 membranaceus
1671 1514 1807 1569 calyce

127 1576 315 1620 inclusus
340 1575 707 1631 longitudinaliter
733 1576 919 1619 sulcatus
945 1574 1111 1619 inferne
1138 1589 1259 1618 secus
1287 1575 1425 1618 sulcos
1457 1574 1499 1617 in
1533 1572 1707 1616 lacinias
1734 1572 1807 1613 de—

127 1635 310 1679 hiscens.
337 1661 395 1666 —
423 1634 565 1677 Herba
590 1633 744 1691 pusilla
769 1633 1068 1691 oppositifolia.

187 1793 225 1836 1.
251 1793 678 1837 verticillatum
706 1791 771 1847 (L.
802 1790 871 1848 Sp.
902 1790 1005 1848 298)
1034 1792 1245 1848 glabrum,
1275 1791 1466 1846 caulibus
1493 1788 1809 1846 procumbenti-

128 1849 206 1893 bus
233 1849 504 1893 filiformibus
531 1864 555 1893 a
580 1849 671 1893 basi
697 1849 897 1893 floriferis
915 1885 924 1903 ,
960 1850 1070 1893 foliis
1097 1849 1287 1893 obovatis
1313 1849 1473 1893 obtusis
1499 1847 1588 1891 basi
1616 1854 1809 1889 attenua-

127 1908 212 2010 {3153
226 1908 436 1952 fasciculis
461 1907 534 1951 4-5
559 1907 677 1951 ssoris
705 1908 756 1951 ad
784 1908 928 1951 axillas
954 1907 1373 1966 pseudoverticillatis
1405 1913 1471 1959 Θ.
1502 1906 1560 1948 Fl.
1589 1905 1691 1948 Dan.
1721 1905 1805 1947 tab.

187 2039 288 2076 Hab.
319 2039 357 2075 in
395 2038 591 2086 argillosis
617 2037 786 2076 humidis
810 2038 945 2076 insulae
978 2037 1161 2087 Corcyrae
1181 2038 1330 2087 (Bi-aila
1355 2049 1403 2074 ex
1426 2036 1575 2074 Bertol.
1600 2034 1659 2072 Fi.
1687 2032 1803 2085 Ital.).

187 2102 266 2141 Ar.
301 2102 463 2154 Geogr.
496 2104 638 2142 Insulae
659 2103 820 2142 Madera
844 2107 881 2142 et
906 2103 1180 2149 Canarienses‚
1206 2104 1366 2151 Europa
1389 2103 1580 2141 occident.
1611 2112 1733 2149 usque
1756 2101 1806 2137 ad

128 2163 376 2202 Germaniam
400 2167 438 2201 et
461 2163 626 2212 Italiam,
652 2162 786 2201 Africa
807 2162 1183 2202 bon-occidentalis.

415 2325 458 2362 B.
492 2323 678 2362 Ovarium
695 2322 782 2361 basi
804 2332 889 2360 cum
913 2320 1073 2359 urceolo
1098 2320 1278 2368 calycino
1303 2322 1519 2358 connatum.

782 2475 1155 2527 GYMNocARPUM

573 2570 735 2631 (Forsk.
765 2568 905 2616 neser.
945 2565 1016 2623 65,
1054 2565 1109 2613 lc.
1146 2563 1229 2611 tali.
1270 2562 1359 2622 10).

185 2723 308 2789 Calyx
334 2723 570 2766 herbaceus
597 2722 747 2780 phyllis
774 2721 800 2764 5
826 2720 916 2764 basi
951 2720 994 2763 in
1022 2719 1238 2762 urceolum
1274 2715 1464 2780 connatis
1501 2714 1617 2770 apice
1653 2713 1807 2756 subcu-

129 2782 291 2825 cullatis
318 2781 445 2825 dorso
472 2781 656 2824 breviter
682 2779 902 2836 apiculatis
928 2779 1100 2821 demum
1127 2775 1350 2818 induratis
1397 2773 1535 2816 Petala
1568 2771 1594 2814 5
1626 2777 1804 2814 setacea.

130 2839 316 2883 Stamina
341 2839 367 2881 5
394 2839 503 2882 sauci
532 2838 685 2897 calycis
711 2838 870 2882 inserta
903 2836 994 2893 ejus
1026 2833 1189 2878 laciniis
1223 2832 1428 2897 opposita.
1475 2829 1608 2887 Stylus
1637 2830 1805 2893 elonga-

128 2904 211 2951 tus,
240 2897 435 2953 stigmata
462 2897 544 2941 tria
569 2896 755 2940 breviter
781 2894 1011 2939 filisormia.
1050 2891 1248 2936 Ovarium
1276 2890 1437 2941 sessile,
1466 2889 1589 2930 ovulo
1617 2901 1665 2929 ex
1692 2899 1808 2942 apice

127 2955 302 2999 funiculi
331 2955 527 3000 basilaris
552 2955 677 2998 liberi
705 2952 933 3011 compressi
960 2951 1160 3009 pendulo.
1209 2948 1423 2991 Utriculus
1460 2946 1807 2989 membranaceus
