2021 3235
895 94 973 138 941

169 256 235 299 H.
262 252 684 307 trichostylum
727 250 829 307 (Bge
866 249 908 292 in
937 249 1036 304 litt.)
1073 248 1258 305 crispule
1300 249 1537 306 pubescens
1578 253 1790 307 glandulis

100 328 167 358 ma
198 313 264 356 nis
289 311 568 355 annularibus
595 309 646 352 ad
664 309 813 352 faciem
841 308 966 351 inser.
996 307 1196 350 foliorum
1223 322 1333 364 saepe
1360 308 1557 366 stipitatis
1584 312 1789 365 obsitum,

98 326 288 424 cauffibus
314 370 555 413 dichotome
584 367 789 421 ramosis,
826 366 938 410 soliis
963 365 1160 422 oblongis
1186 366 1348 409 obtusis
1376 366 1419 410 in
1447 369 1651 424 petiolum
1682 378 1788 414 atte-

98 431 238 474 nuaxtis
265 428 558 486 superioribus
592 426 851 480 linearibus,
889 425 1020 483 cymis
1048 426 1137 468 laxe
1164 424 1446 479 dichotomis‚
1484 428 1662 472 floribus
1688 430 1789 473 sub-

101 488 342 536 sessilibus‚
381 487 535 544 calycis
567 487 617 529 ad
647 485 766 528 basin
794 484 938 542 partiti
965 483 1131 527 laciniis
1157 484 1290 526 ovatis
1317 484 1594 529 acutiusculis
1622 488 1791 542 ciliatis,

103 547 248 606 petalis
288 545 483 602 oblongis
510 543 896 600 sublinguiculatis,
924 542 1068 587 ovario
1096 541 1225 596 hirto,
1255 543 1359 600 stylo
1387 543 1553 588 inferne
1570 546 1667 603 pilis
1686 547 1795 590 raris

101 606 254 664 patulis
279 605 393 648 hirto
429 612 465 654 ‘36
482 639 490 647 .

160 672 260 716 Hab.
286 676 321 713 in
348 675 486 712 Persia
509 685 632 722 prope
658 672 739 710 Gas
763 672 864 710 inter
887 671 1059 721 Ispahan
1085 675 1123 709 et
1146 670 1328 710 Teheran
1347 673 1444 723 (Bge
1459 674 1501 725 l).

158 740 302 783 Facies
331 747 369 781 et
404 743 500 781 folia
529 742 576 780 H.
605 741 829 780 Stocksz'ani
866 740 937 778 sed
971 741 1169 789 glandulae
1193 742 1403 780 annulares
1437 746 1475 781 et
1514 745 1640 793 stylus
1676 745 1794 794 hispi-

106 805 231 844 dulus.

163 868 210 924 β.
255 864 605 922 microphyllum.
636 863 784 907 Caules
810 862 1062 907 humiliores
1089 863 1408 920 subsimplices,
1438 866 1537 910 folia
1564 881 1707 924 parva.
1738 868 1793 911 H.

106 926 469 983 consanyuineum
495 923 577 981 Bge
602 923 646 966 in
673 923 751 966 litt.

164 997 265 1036 Hab.
285 1006 408 1045 prope
432 994 607 1033 Schurab
630 994 730 1032 inter
754 992 925 1042 Ispahan
942 991 982 1030 et
1004 992 1186 1031 Teheran
1211 993 1310 1042 (Bge
1328 992 1337 1032 !
1352 994 1380 1045 ).

164 1152 229 1196 H.
258 1150 729 1205 Chesneyanum‚
758 1147 1017 1205 pubescenS,
1048 1147 1341 1204 prominentes
1366 1149 1801 1205 glanduloso-tuber-

106 1210 310 1262 culatum‚
329 1208 520 1251 caulibus
538 1207 724 1250 tenuiter
739 1204 912 1262 virgatis
937 1205 1135 1259 ramosis,
1154 1205 1265 1250 foliis
1282 1206 1559 1253 inferioribus
1578 1209 1801 1267 tripartitis

107 1268 270 1313 caeteris
296 1266 488 1310 indivisis
516 1265 764 1322 laciniisque
802 1264 988 1308 tenuiter
1028 1264 1326 1320 filiformibus,
1371 1267 1505 1324 cymis
1546 1268 1801 1314 dichotomis

108 1325 430 1379 confertifloris,
466 1325 646 1368 floribus
673 1324 849 1367 minutis
877 1323 1205 1377 subsessilibus,
1235 1325 1385 1382 calycis
1421 1326 1559 1382 glabri
1593 1328 1645 1371 ad
1678 1328 1800 1372 basin

108 1385 251 1444 partiti
288 1384 451 1428 laciniis
487 1384 619 1427 ovatis
655 1382 813 1437 acutiS,
850 1382 1000 1440 petalis
1032 1383 1227 1439 oblongis
1260 1384 1402 1442 calyce
1435 1386 1676 1444 quadruplo
1713 1389 1801 1431 lon-

110 1444 304 1502 gioribus
344 1442 530 1500 glabris,
574 1442 719 1486 ovario
761 1449 802 1485 et
840 1441 945 1500 stylo
986 1442 1146 1499 glabris
1182 1450 1244 1492 26.

168 1515 268 1554 Hab.
293 1515 332 1552 in
357 1513 642 1563 Mesopotamia
664 1513 714 1551 ad
736 1511 977 1561 Euphratem
1002 1511 1162 1563 (Chesn.
1189 1525 1271 1551 exs.
1295 1511 1447 1566 2160.

171 1582 295 1631 Caly'x
320 1584 358 1620 et
383 1581 532 1620 corolla
555 1580 750 1629 glandulis
775 1581 926 1629 magnis
951 1580 1082 1628 obsiti,
1106 1581 1302 1629 glandulae
1326 1582 1448 1621 caulis
1473 1586 1511 1621 et
1539 1583 1720 1622 foliorum
1748 1585 1804 1624 eis

111 1641 411 1692 praecedentium
443 1640 662 1689 specierum
695 1640 864 1678 minores
901 1639 973 1677 sed
1006 1639 1057 1678 ad
1091 1652 1213 1690 cymae
1248 1653 1379 1679 ramos
1420 1646 1458 1681 et
1488 1646 1622 1691 partes
1647 1643 1803 1683 florales

111 1702 375 1751 prominentes
399 1700 501 1738 unde
539 1701 668 1748 aptius
704 1699 767 1738 hic
792 1710 908 1749 quam
938 1699 1040 1738 inter
1064 1701 1219 1749 species
1253 1701 1447 1749 glandulis
1479 1703 1612 1751 parvis
1638 1704 1803 1742 donatas

105 1762 220 1811 juxta
245 1759 294 1799 H.
319 1760 582 1799 dichotomum
606 1758 891 1798 collocandum.
906 1757 1046 1798 Differt
1065 1771 1088 1797 a
1110 1760 1423 1808 praecedentibus
1440 1760 1545 1800 foliis
1563 1763 1804 1802 tenuissimis

111 1820 358 1859 inferioribus
382 1819 552 1869 partitis.

726 1976 769 2017 h.
813 1977 1032 2018 Filamenta
1056 1979 1191 2018 libera.

171 2109 236 2152 H.
262 2107 637 2164 lonqifolium
665 2106 818 2164 (Boiss.
847 2106 996 2165 Diagn.
1027 2107 1117 2152 Ser.
1148 2109 1181 2162 Ι,
1210 2108 1327 2164 VIII,
1357 2124 1397 2168 p.
1430 2109 1534 2168 127)
1562 2110 1696 2155 viride
1724 2112 1806 2156 vis-

113 2179 260 2210 cosum
286 2173 421 2210 totum
447 2165 659 2222 glandulis
685 2165 1026 2223 prominentibus
1044 2167 1242 2211 scabrum
1260 2169 1586 2225 glaberrimum,
1614 2170 1808 2215 caulibus

113 2224 354 2269 numerosis
379 2224 554 2280 virgatis
579 2223 722 2268 stricte
749 2225 951 2280 ramosis,
989 2226 1102 2270 foliis
1141 2227 1267 2284 longe
1302 2235 1344 2272 et
1369 2235 1547 2285 anguste
1572 2228 1809 2274 linearibus

114 2283 276 2327 obtusis
303 2282 497 2340 margine
525 2283 740 2326 undulatis
767 2290 807 2328 et
833 2284 1101 2339 convolutis,.
1135 2286 1347 2344 corymbis
1388 2287 1565 2331 minutis
1606 2288 1803 2332 conferti-

114 2342 248 2396 ssoris,
277 2341 457 2386 floribus
483 2341 718 2396 sessilibus,
747 2341 901 2400 calyscis
927 2343 979 2386 ad
1005 2343 1128 2388 basin
1154 2344 1296 2401 partiti
1323 2345 1460 2403 glabri
1488 2346 1653 2390 laciniis
1679 2347 1812 2392 ovatis

115 2400 302 2455 obtusis,
337 2399 486 2457 petalis
523 2400 892 2457 subunguiculatis
919 2401 1124 2460 oblongis·
1141 2403 1469 2459 obtusiusculis‚
1498 2404 1732 2449 ''filamentis
1760 2406 1812 2450 ad

115 2459 280 2517 apicem
306 2458 438 2516 partis
465 2458 643 2517 abrupte
670 2459 856 2504 dilatatae
882 2459 956 2504 2-4
980 2461 1193 2517 glandulis
1221 2462 1370 2507 obsitis
1386 2498 1396 2517 ‚
1426 2463 1572 2508 ovario
1600 2463 1812 2520 glabrius-

115 2518 227 2572 culo,
256 2518 362 2576 stylo
388 2516 537 2574 glabro
573 2525 635 2567 26.

174 2588 276 2627 Hab.
301 2588 342 2625 in
364 2587 533 2626 vallibus
557 2587 806 2627 calidissimis
828 2588 1040 2628 Palestinae
1064 2590 1165 2630 inter
1187 2595 1421 2630 conventum
1449 2591 1623 2631 St-Sabae
1647 2596 1685 2632 et
1706 2604 1814 2632 mare

118 2647 310 2686 Mortuum
335 2647 466 2695 (Boiss
484 2645 494 2686 !
510 2652 537 2696 ).
562 2647 623 2686 Fl.
646 2647 740 2686 Mai.

177 2715 336 2764 Pedale,
363 2716 460 2755 rami
484 2705 669 2755 laterales
694 2717 924 2766 corymbum
951 2717 1163 2756 centralem
1189 2729 1293 2769 saepe
1318 2722 1575 2769 superantes,
1602 2720 1697 2759 folia
1718 2720 1813 2759 infe-

120 2774 225 2815 riora
248 2771 419 2829 2-2112
443 2775 610 2825 pollices
645 2776 766 2824 longa
805 2773 874 2817 1-1
903 2771 956 2830 ¹]⁴
990 2776 1096 2827 lata,
1122 2777 1241 2817 flores
1271 2778 1328 2818 eis
1360 2778 1408 2818 H.
1434 2779 1672 2832 tuberculatq‘
1694 2780 1813 2829 paulo

122 2834 305 2885 majores,
331 2835 485 2884 species
507 2834 633 2874 forma
649 2834 832 2875 foliorum
860 2835 1178 2876 distinctissima.
