2021 3235
977 60 1061 105 816

164 157 360 200 dentibus
388 153 593 198 subulatis
636 153 833 196 brevibus
874 151 1168 207 eglandulosis
1210 151 1452 206 instructis,
1495 153 1627 196 ovarii
1670 154 1866 200 vesiculis

169 217 299 259 ovatis
336 223 395 263 25.
434 214 489 255 H.
526 212 697 255 Richerz‘
733 211 884 254 Ledeb.
917 210 978 252 Fi:
1010 210 1132 252 Ross.
1166 210 1209 264 Ι,
1248 224 1287 267 p.
1319 210 1404 254 449
1433 226 1480 254 ex
1507 218 1627 268 parte
1654 226 1739 256 non
1766 214 1860 257 Vill.

169 349 193 386 h
245 288 344 396 Hap.
387 287 424 323 in
467 298 577 333 prov.
622 282 970 322 Transcaucasicis
1011 282 1320 320 occidentalibus
1374 279 1579 336 (Nordmi
1635 285 1672 322 in
1713 286 1866 325 Ledeb.

199 348 264 385 erb
284 374 292 383 .
321 376 328 383 .

230 415 367 452 Facies
391 414 428 451 H
435 445 437 448 .
471 412 694 451 Montbreliz'
725 423 748 447 a
772 421 848 458 quo
873 409 1097 457 sepalorum
1122 411 1319 447 structura
1341 414 1379 448 et
1414 410 1521 449 foliis
1554 424 1629 450 non
1644 413 1869 461 pellucido-

175 474 368 523 punctatis
395 474 536 510 differt.

233 633 296 674 H.
324 629 643 674 barbatum
681 623 817 679 (Jacq.
857 621 917 664 Fl.
948 623 1089 664 Austr.
1123 621 1206 673 ΙΙΙ,
1235 636 1277 678 p.
1309 622 1388 672 33,
1417 623 1503 666 tab.
1535 622 1637 678 256)
1672 624 1868 679 glabrum

174 691 385 744 glaucum,
416 685 608 729 caulibus
634 682 840 725 teretibus
869 679 1215 731 ascendentibus,
1244 680 1354 724 foliis
1382 682 1602 725 sessilibus
1619 683 1870 738 parcissime

175 742 620 805 pellucido-punctalis
648 740 840 795 margine
868 737 1211 796 atro-punctatis
1238 753 1262 781 a
1288 739 1379 782 basi
1407 741 1636 783 rotundata
1663 741 1870 797 oblongo-

175 805 417 849 lanceolatis
458 802 576 859 apice
605 798 831 843 attenuatis
863 797 1078 854 supremis
1121 797 1406 852 subcordatis,
1449 802 1569 856 cyma
1596 800 1866 857 corymbosa‚

175 865 324 922 calycis
366 861 571 906 fructiferi
614 857 803 915 adpressi
845 856 1013 899 laciniis
1046 855 1532 911 oblongo-lanceolatis
1560 858 1696 902 acutis
1722 859 1870 914 nigro-

177 922 386 981 punctatis
411 919 681 975 limatisque,
709 915 893 959 fimbriis
925 914 1104 958 setaceis
1131 915 1416 971 eglandulosis
1443 916 1573 973 sepali
1600 917 1705 960 latit.
1735 918 1870 974 aequi-

178 982 313 1036 longis
338 981 398 1023 vel
427 977 692 1034 longioribus
726 983 786 1024 26.
820 974 955 1017 Rchb.
986 973 1058 1030 fig.
1089 972 1219 1017 5188.

236 1053 337 1090 Hah.
368 1054 403 1088 in
433 1049 624 1086 montanis
651 1051 688 1083 et
713 1045 855 1093 alpinis
882 1043 1040 1092 Olympi
1064 1043 1247 1080 Thessali
1272 1044 1413 1093 (Auch.
1442 1056 1524 1082 exs.
1549 1042 1697 1095 9000.

236 1119 279 1169 β.
304 1113 610 1159 trichantlzmn.
641 1109 788 1153 Caules
805 1107 1024 1151 numerosi
1042 1106 1212 1164 pumili‚
1242 1107 1341 1151 folia
1357 1107 1421 1151 vix
1439 1108 1870 1166 pellucido-punctata

175 1175 324 1218 latiora
350 1174 548 1226 oblonga,
577 1170 760 1213 bracteae
786 1166 955 1224 longius
982 1165 1224 1209 fimbriatae.
1255 1166 1310 1209 H.
1341 1167 1638 1210 trichanthum
1664 1167 1799 1211 Boiss.
1830 1174 1871 1210 et

176 1234 330 1291 Sprun.
360 1232 509 1287 Diagn.
540 1229 630 1272 Ser.
662 1227 716 1281 ll,
745 1227 778 1281 Ι,
807 1240 849 1284 p.
881 1224 981 1269 105.

237 1305 337 1341 Hab.
364 1304 403 1339 in
425 1299 617 1338 fruticetis
641 1298 810 1346 regionis
836 1296 976 1344 alpinae
999 1295 1141 1332 montis
1164 1295 1316 1345 Velugo
1341 1294 1501 1333 AE'toliae
1526 1295 1693 1346 (Sprun!
1720 1295 1869 1334 Samar.

180 1368 216 1401 et
242 1363 382 1401 Guicc!
406 1361 442 1398 in
470 1360 604 1397 Heldr.
624 1358 743 1395 Herb.
766 1356 903 1394 Norm.
929 1353 1011 1394 651
1033 1355 1071 1403 l).

233 1448 274 1487 y.
305 1417 635 1468 Macedonicum.
666 1419 785 1463 Folia
811 1417 1034 1461 latiuscula
1058 1416 1250 1460 crebrius
1267 1416 1721 1474 pellucido-punctam,
1750 1431 1869 1475 cyma

179 1486 326 1537 laxior,
366 1483 505 1539 sepala
531 1480 778 1524 lanceolata.
822 1477 879 1520 H.
910 1477 1138 1520 barbatum
1163 1475 1248 1519 Sm.
1286 1476 1435 1519 Prodr.
1468 1475 1528 1519 Fi.
1559 1475 1694 1520 Graec.
1725 1502 1784 1508 —
1809 1477 1865 1519 H.

176 1543 488 1587 Macedonicum
515 1540 646 1583 Boiss.
679 1545 720 1588 et
744 1537 874 1594 Orph.
906 1535 1054 1592 Diagn.
1085 1535 1176 1577 Ser.
1208 1535 1260 1589 ΙΙ,
1291 1534 1358 1588 VI,
1388 1549 1428 1592 p.
1460 1533 1530 1578 38.

235 1615 337 1650 Hab.
365 1614 401 1649 in
426 1612 588 1658 regione
621 1609 805 1646 montana
828 1605 1088 1652 Macedoniae,
1114 1605 1307 1643 montibus
1333 1605 1458 1643 Athos
1483 1608 1522 1642 et
1543 1605 1729 1642 Peristeri
1756 1603 1865 1658 (Gri-

178 1673 297 1722 sebl),
324 1675 451 1709 monte
474 1669 669 1707 Kortbiati
696 1664 883 1717 (Orphl).

234 1737 309 1777 Ar.
342 1736 504 1786 Geogr.
536 1735 747 1774 Germania
769 1732 1144 1772 austro-orientalis.

850 1856 1014 1914 Species
1040 1855 1187 1898 dubia.

230 1959 274 1996 H.
299 1958 570 2008 leptophyllum
598 1956 760 1994 Hochst.
789 1955 826 1992 in
854 1954 999 1992 Lorent
1026 1951 1165 1989 Wand.
1192 1963 1228 1999 p.
1254 1948 1355 1990 542.

230 2027 329 2064 Hab.
354 2028 390 2063 in
414 2023 699 2072 Mesopotamia
723 2023 824 2060 inter
848 2019 1048 2069 Biredjick
1063 2018 1358 2066 etCarragoran
1377 2016 1570 2069 (horeat),
1599 2016 1857 2064 probabiliter

171 2087 217 2125 H.
244 2085 537 2135 hyssopisolium
561 2084 620 2121 vel
647 2082 800 2131 species
824 2080 964 2129 affinis,
990 2079 1059 2117 sed
1086 2079 1299 2126 descriptio
1327 2077 1440 2115 nimis
1465 2076 1716 2124 incompleta.

320 2403 483 2449 ORD.
520 2400 665 2446 XXI.
698 2395 1125 2445 MALVACEAE.
1161 2396 1225 2443 R.
1267 2395 1353 2441 ΒΓ.
1404 2393 1558 2458 Cong.
1590 2412 1637 2457 p.
1685 2393 1736 2442 8.

227 2612 372 2654 Flores
409 2610 626 2666 regulares
661 2607 705 2650 in
737 2605 894 2649 nostris
931 2603 1285 2662 hermaphroditi.
1317 2602 1474 2660 Calycis
1499 2602 1664 2646 laciniae
1689 2602 1860 2646 valvatae

168 2671 194 2713 5
223 2670 381 2727 (rarius
407 2667 433 2712 3
453 2667 549 2724 -4).
596 2666 737 2709 Petala
767 2664 794 2707 5
829 2665 1052 2722 hypogyna
1087 2663 1178 2706 basi
1213 2663 1423 2706 columnae
1460 2661 1680 2705 stamineae
1706 2662 1861 2705 adnata

170 2726 652 2773 contorto-imbricata.
699 2723 934 2774 Filamenta
966 2722 1120 2779 saepius
1154 2721 1374 2764 indefinita
1406 2719 1450 2764 in
1482 2720 1631 2763 tubum
1659 2726 1856 2764 connata.

170 2788 367 2830 Antherae
394 2786 678 2829 uniloculares
706 2782 812 2825 rima
839 2783 1081 2825 transversa
1098 2780 1380 2824 dehiscentes.
1410 2779 1556 2823 Discus
1573 2779 1729 2823 nullus.
1760 2778 1860 2822 Ova-

172 2847 281 2888 rium
308 2845 417 2902 pluri
446 2845 504 2887 vel
534 2842 844 2886 multiloculare
870 2839 1018 2884 loculis
1045 2839 1119 2882 uni
1148 2840 1211 2881 vel
1238 2838 1557 2896 pluriovulatis,
1593 2839 1716 2881 ovula
1743 2851 1858 2881 cam-
