2021 3235
1015 91 1101 135 534

274 191 414 229 Differt
439 191 487 229 ab
511 189 555 228 A.
592 188 807 227 Arsusiano
833 187 948 225 ramis
982 185 1458 233 ramuloso-panioulatis‚
1499 186 1633 234 calyce
1672 185 1904 234 glanduloso

216 255 253 289 et
277 251 402 289 forma
427 250 578 288 laciniae
604 248 856 286 intermediae.

272 388 334 431 A.
360 385 818 440 Coelesyriacum
849 381 999 439 (Boiss.
1031 380 1180 436 Diagn.
1211 380 1299 423 Ser.
1334 381 1365 435 1,
1395 381 1504 435 VIII,
1534 396 1573 438 p.
1605 380 1678 439 59)
1708 381 1904 438 glabrum

215 445 407 489 caulibus
436 443 678 486 numerosis
708 441 912 483 teretibus
939 439 1112 495 virgatis
1141 439 1289 496 rigidis
1317 454 1340 482 a
1367 440 1458 483 basi
1488 439 1729 483 dichotome
1763 454 1904 484 ramo-

215 502 393 547 sissimis
423 501 552 544 effuse
580 499 851 558 paniculaffis,
886 498 997 540 foliis
1025 497 1170 554 paucis
1198 497 1398 541 brevibus
1427 498 1663 542 carnosulis
1689 498 1906 542 inferiori-

215 563 294 605 bus
324 560 554 604 linearibus
582 559 717 616 planis
744 556 1038 614 superioribus
1065 555 1251 599 breviter
1274 556 1670 609 lineari-subulatis,
1690 557 1906 613 pedicellis

215 622 356 677 calyce
384 618 526 675 ‘1¹s2-02
544 619 611 674 plo
638 615 922 672 longioribus,
952 629 1096 670 ungue
1125 615 1242 671 apice
1270 622 1453 669 exserto,
1483 615 1651 658 laminae
1678 629 1906 672 purpureae

216 678 381 722 laciniis
409 676 653 720 lateralibus
682 673 914 717 linearibus
941 673 1103 716 obtusis
1132 673 1388 717 intermedia
1417 673 1692 730 sublongiore
1720 674 1907 717 obtrian-

215 737 352 793 gulari
388 744 624 778 transverse
662 733 802 776 latiori
841 732 960 788 apice
997 736 1366 775 truncato-retusa
1404 732 1493 776 basi
1532 733 1657 789 longe
1694 736 1908 776 attenuata

217 796 431 847 edentula,
462 793 631 850 capsula
658 795 778 835 ovata
806 791 944 848 calyce
972 790 1311 848 sesquilongiorc
1349 799 1409 841 26.

277 859 375 895 Hab.
404 858 442 893 in
466 856 620 893 incultis
646 853 868 901 Oaetesyriae
895 854 995 890 inter
1020 853 1197 892 Balbeck
1221 857 1259 892 et
1281 853 1424 892 Zaclile
1448 858 1486 893 et
1510 854 1613 892 inter
1635 853 1846 902 Rascheya.
1868 857 1907 892 et

223 918 317 954 Deir
340 917 373 954 cl
399 915 545 952 Kamai·
569 914 699 963 (Boiss
716 907 758 961 1).
779 913 839 950 Fl.
868 913 944 950 Jul.

276 976 415 1014 Facies
442 974 486 1012 A.
510 970 835 1023 yypsopliiloidi8‚
863 972 978 1020 calyx
1014 970 1140 1020 major
1164 971 1191 1011 5
1229 972 1299 1009 lin.
1342 973 1495 1020 longus.
1530 972 1565 1010 A
1596 971 1910 1021 praecedentibus

218 1036 360 1073 lamina
379 1033 609 1072 intermedta
630 1044 704 1070 non
731 1032 850 1070 bifida
871 1043 943 1069 nec
968 1031 1055 1069 basi
1081 1031 1242 1070 dentata
1260 1034 1298 1069 et
1316 1032 1487 1080 capsulae
1503 1032 1665 1081 majoris
1689 1030 1816 1070 forma
1831 1031 1910 1069 dis-

218 1095 391 1133 tinctum.

718 1227 1028 1276 GYPSOPHILA
1063 1227 1126 1287 (L.
1163 1226 1258 1275 Gen.
1294 1227 1410 1290 563).

279 1362 402 1419 Calyx
439 1360 680 1402 turbinatus
714 1359 779 1401 vel
813 1358 1136 1414 campanulatus
1165 1357 1305 1400 rarius
1333 1357 1593 1415 cylindricus
1621 1357 1733 1401 inter
1759 1357 1785 1400 5
1811 1371 1910 1401 ner-

221 1435 293 1464 vos
316 1420 685 1463 membranaceus.
719 1416 859 1460 Petala
887 1415 912 1457 5
939 1416 1096 1458 lamina
1124 1415 1212 1458 basi
1242 1416 1355 1459 nuda
1383 1430 1526 1470 ungue
1554 1416 1707 1472 saepius
1734 1430 1819 1460 non
1846 1416 1910 1459 bi-

221 1480 446 1522 lamcllato.
493 1478 627 1520 Torus
655 1489 824 1533 parvus.
870 1474 1048 1531 Capsula
1082 1475 1258 1529 globosa
1290 1476 1353 1517 vel
1394 1482 1514 1517 ovata
1551 1474 1690 1517 rarius
1728 1475 1911 1531 oblonga

222 1537 431 1595 profunde
458 1536 485 1579 4
511 1536 650 1578 valvis.
681 1534 852 1577 Semina
878 1533 1126 1576 reniformia
1154 1532 1356 1576 umbilico
1385 1533 1610 1590 marginali
1638 1533 1775 1577 affixa.
1814 1534 1910 1576 Em-

225 1597 329 1653 bryo
356 1594 679 1652 periphrcricus.
700 1619 758 1624 -—
784 1592 957 1644 Herbae‚
993 1591 1131 1635 rarius
1160 1591 1418 1644 suffrutices‚
1447 1591 1553 1635 facio
1582 1592 1700 1635 valde
1727 1592 1912 1636 dissimi-

222 1656 298 1698 les.
330 1656 470 1697 Genus
498 1668 521 1696 a
549 1652 791 1709 Saponarid
819 1650 931 1708 (vide
957 1650 1087 1707 hujus
1115 1650 1465 1708 descriptionem)
1494 1651 1633 1709 calyce
1661 1664 1758 1694 raro
1779 1651 1910 1709 cylin-

227 1714 364 1764 (tneo,
408 1726 627 1768 nunquam
657 1709 917 1763 multincrvi‚
956 1709 1069 1752 inter
1094 1723 1248 1753 nervos
1274 1723 1444 1766 semper
1470 1709 1798 1753 membranaceo
1825 1709 1912 1752 dis-

230 1772 403 1815 tinctum
448 1771 519 1814 sed
562 1771 828 1813 characteres
871 1782 956 1811 non
998 1775 1061 1811 sat
1095 1767 1247 1825 liquidi
1275 1775 1372 1811 sunt
1399 1775 1440 1811 et
1466 1768 1670 1811 transitus
1695 1768 1912 1812 numerosi

229 1830 341 1873 inter
368 1829 492 1872 ambo
520 1842 679 1884 genera
706 1828 874 1871 adsunt.

651 1968 896 2025 Specierurn
931 1966 1224 2011 Orientalium
1255 1967 1492 2024 dispositio.

289 2078 411 2121 SECT.
447 2078 476 2121 l.
515 2078 856 2121 Eussvpsopmm.
901 2103 958 2107 —
1002 2075 1142 2132 Calyoe
1169 2076 1305 2118 brevis
1329 2076 1576 2119 turbinatus
1599 2076 1662 2119 vel
1683 2090 1915 2133 campanu-

609 2136 737 2179 latus.
768 2136 912 2178 Pelali
933 2135 1093 2191 unquis
1115 2135 1231 2191 apice
1246 2148 1331 2177 non
1354 2135 1622 2189 constrictus,
1642 2136 1688 2178 in
1707 2135 1916 2178 laminam

605 2195 762 2237 sensim,
793 2195 1016 2237 dilatatus
1059 2193 1266 2236 Placenta
1295 2194 1450 2250 saepius
1480 2194 1689 2251 elonyala.
1730 2193 1916 2237 Seminis

610 2254 809 2296 radicula
825 2267 909 2295 non
926 2253 1136 2309 elonyulc.
1158 2279 1212 2283 -
1228 2251 1393 2309 Species
1416 2266 1557 2295 omnes
1576 2266 1793 2310 perennes.

346 2381 365 2438 g
397 2380 438 2423 1.
474 2382 840 2426 Pulvinares.
869 2406 926 2412 ——
952 2381 1133 2423 Aonides
1157 2380 1280 2422 dense
1299 2379 1554 2436 pulvinares
1569 2414 1578 2432 ‚
1615 2377 1738 2433 flores
1762 2376 1809 2419 in
1831 2390 1914 2419 ces-

573 2440 662 2496 pite
687 2440 944 2482 subsessiles.

289 2516 333 2557 G.
361 2519 579 2556 arelioidee.

344 2635 364 2691 ἓ
396 2634 436 2678 2.
474 2636 894 2681 caudiculosae.
912 2661 969 2665 ——
989 2634 1230 2692 Cespitosoe,
1254 2634 1472 2677 caudiculi
1490 2639 1630 2677 tenues
1646 2632 1826 2689 fraqiles
1843 2632 1913 2675 de-

576 2694 829 2745 cumbenteS,
857 2694 997 2736 caules
1024 2694 1163 2736 breves
1188 2693 1368 2749 floribus
1391 2692 1543 2749 paucis
1568 2692 1616 2735 in
1641 2705 1785 2747 cymas
1810 2703 1916 2747 saepe

577 2753 891 2808 racemisormes
924 2752 1136 2808 dispositi.
1155 2778 1213 2782 —
1245 2751 1536 2794 Heterochroa
1562 2750 1707 2805 Bunge
1741 2749 1784 2792 in
1813 2749 1910 2792 Led.

578 2810 634 2852 F'l.
666 2811 745 2853 Alt.
780 2811 831 2863 ll,
861 2823 901 2866 p.
923 2809 1022 2853 tat.
1043 2836 1100 2841 ——
1126 2811 1277 2854 Herboe
1299 2815 1449 2853 leneroe
1464 2810 1573 2866 facie
1589 2807 1824 2861 Arenariae,
1844 2821 1912 2850 ca-

577 2869 665 2925 lyce
678 2869 894 2926 profunde
912 2869 1062 2911 lobalo.

292 2945 341 2989 G.
370 2958 489 2996 nana,
510 2949 773 2999 serpylloides,
795 2948 1040 2998 ylandulosa.

2016 2825 2021 2920 t
