<?xml version="1.0" encoding="UTF-8"?>
<!DOCTYPE html PUBLIC "-//W3C//DTD XHTML 1.0 Transitional//EN"
    "http://www.w3.org/TR/xhtml1/DTD/xhtml1-transitional.dtd">
<html xmlns="http://www.w3.org/1999/xhtml" xml:lang="en" lang="en">
 <head>
  <title>
</title>
<meta http-equiv="Content-Type" content="text/html;charset=utf-8" />
  <meta name='ocr-system' content='tesseract 3.04.00' />
  <meta name='ocr-capabilities' content='ocr_page ocr_carea ocr_par ocr_line ocrx_word'/>
</head>
<body>
  <div class='ocr_page' id='page_1' title='image "./floraorientaliss01bois_0506.png"; bbox 0 0 2021 3235; ppageno 0'>
   <div class='ocr_carea' id='block_1_1' title="bbox 1055 105 1141 149">
    <p class='ocr_par' dir='ltr' id='par_1_1' title="bbox 1055 105 1141 149">
     <span class='ocr_line' id='line_1_1' title="bbox 1055 105 1141 149; baseline 0 -1"><span class='ocrx_word' id='word_1_1' title='bbox 1055 105 1141 149; x_wconf 69' lang='lat'>462</span> 
     </span>
    </p>
   </div>
   <div class='ocr_carea' id='block_1_2' title="bbox 251 198 1944 557">
    <p class='ocr_par' dir='ltr' id='par_1_2' title="bbox 253 198 1940 301">
     <span class='ocr_line' id='line_1_2' title="bbox 253 198 1940 301; baseline -0.001 -62"><span class='ocrx_word' id='word_1_2' title='bbox 253 202 412 301; x_wconf 84' lang='lat' dir='ltr'>WHab.</span> <span class='ocrx_word' id='word_1_3' title='bbox 436 202 475 238; x_wconf 91' lang='lat' dir='ltr'>in</span> <span class='ocrx_word' id='word_1_4' title='bbox 500 201 661 250; x_wconf 82' lang='lat' dir='ltr'>regione</span> <span class='ocrx_word' id='word_1_5' title='bbox 684 200 817 250; x_wconf 71' lang='lat' dir='ltr'>alpina</span> <span class='ocrx_word' id='word_1_6' title='bbox 838 198 1005 239; x_wconf 82' lang='lat' dir='ltr'>Caucasi</span> <span class='ocrx_word' id='word_1_7' title='bbox 1029 201 1171 240; x_wconf 89' lang='lat' dir='ltr'>Iberici</span> <span class='ocrx_word' id='word_1_8' title='bbox 1197 199 1307 252; x_wconf 90' lang='grc' dir='ltr'><strong>(ΜΒ.</strong></span> <span class='ocrx_word' id='word_1_9' title='bbox 1323 199 1361 249; x_wconf 85' lang='grc'>),</span> <span class='ocrx_word' id='word_1_10' title='bbox 1396 204 1433 237; x_wconf 87' lang='lat' dir='ltr'>et</span> <span class='ocrx_word' id='word_1_11' title='bbox 1459 200 1600 238; x_wconf 87' lang='lat' dir='ltr'>montis</span> <span class='ocrx_word' id='word_1_12' title='bbox 1622 199 1788 239; x_wconf 87' lang='lat' dir='ltr'>Kasbek</span> <span class='ocrx_word' id='word_1_13' title='bbox 1813 198 1940 255; x_wconf 87' lang='lat' dir='ltr'>(herb.</span> 
     </span>
     <span class='ocr_line' id='line_1_3' title="bbox 309 262 431 299; baseline -0.008 0"><span class='ocrx_word' id='word_1_14' title='bbox 309 262 396 299; x_wconf 89' lang='lat' dir='ltr'>illd!</span> <span class='ocrx_word' id='word_1_15' title='bbox 423 290 431 298; x_wconf 91' lang='lat'>.</span> 
     </span>
    </p>

    <p class='ocr_par' dir='ltr' id='par_1_3' title="bbox 251 256 1944 557">
     <span class='ocr_line' id='line_1_4' title="bbox 310 256 1941 380; baseline -0.001 -14"><span class='ocrx_word' id='word_1_16' title='bbox 310 256 448 373; x_wconf 57' lang='lat' dir='ltr'>Nemi»,</span> <span class='ocrx_word' id='word_1_17' title='bbox 484 327 577 365; x_wconf 87' lang='lat' dir='ltr'>folia</span> <span class='ocrx_word' id='word_1_18' title='bbox 611 328 659 365; x_wconf 87' lang='lat' dir='ltr'>ad</span> <span class='ocrx_word' id='word_1_19' title='bbox 694 327 887 365; x_wconf 86' lang='lat' dir='ltr'>caudiculi</span> <span class='ocrx_word' id='word_1_20' title='bbox 919 327 1071 375; x_wconf 75' lang='lat' dir='ltr'>apicem</span> <span class='ocrx_word' id='word_1_21' title='bbox 1096 330 1284 376; x_wconf 85' lang='lat' dir='ltr'>congesta</span> <span class='ocrx_word' id='word_1_22' title='bbox 1306 322 1473 380; x_wconf 75' lang='lat' dir='ltr'><strong><em>2¹s2-5</em></strong></span> <span class='ocrx_word' id='word_1_23' title='bbox 1498 326 1621 365; x_wconf 89' lang='lat' dir='ltr'>lineas</span> <span class='ocrx_word' id='word_1_24' title='bbox 1645 327 1764 375; x_wconf 83' lang='lat' dir='ltr'>longa</span> <span class='ocrx_word' id='word_1_25' title='bbox 1788 330 1827 365; x_wconf 85' lang='lat' dir='ltr'>et</span> <span class='ocrx_word' id='word_1_26' title='bbox 1850 327 1941 374; x_wconf 87' lang='lat' dir='ltr'>lata,</span> 
     </span>
     <span class='ocr_line' id='line_1_5' title="bbox 251 386 1944 438; baseline -0.002 -12"><span class='ocrx_word' id='word_1_27' title='bbox 251 386 459 438; x_wconf 90' lang='lat' dir='ltr'>pedunculi</span> <span class='ocrx_word' id='word_1_28' title='bbox 492 387 586 425; x_wconf 85' lang='lat' dir='ltr'>flore</span> <span class='ocrx_word' id='word_1_29' title='bbox 618 387 683 424; x_wconf 80' lang='lat' dir='ltr'>vix</span> <span class='ocrx_word' id='word_1_30' title='bbox 705 387 924 434; x_wconf 78' lang='lat' dir='ltr'>longiores,</span> <span class='ocrx_word' id='word_1_31' title='bbox 953 387 1103 425; x_wconf 83' lang='lat' dir='ltr'>corolla</span> <span class='ocrx_word' id='word_1_32' title='bbox 1130 387 1247 435; x_wconf 86' lang='lat' dir='ltr'>paulo</span> <span class='ocrx_word' id='word_1_33' title='bbox 1270 387 1394 423; x_wconf 89' lang='lat' dir='ltr'>minor</span> <span class='ocrx_word' id='word_1_34' title='bbox 1419 386 1465 423; x_wconf 69' lang='lat' dir='ltr'>ea</span> <span class='ocrx_word' id='word_1_35' title='bbox 1492 386 1534 424; x_wconf 92' lang='lat' dir='ltr'>V.</span> <span class='ocrx_word' id='word_1_36' title='bbox 1567 386 1733 425; x_wconf 70' lang='lat' dir='ltr'>Cenisioe</span> <span class='ocrx_word' id='word_1_37' title='bbox 1757 399 1780 424; x_wconf 87' lang='lat' dir='ltr'>a</span> <span class='ocrx_word' id='word_1_38' title='bbox 1803 387 1881 435; x_wconf 65' lang='lat' dir='ltr'>qua</span> <span class='ocrx_word' id='word_1_39' title='bbox 1906 389 1944 423; x_wconf 84' lang='lat' dir='ltr'>et</span> 
     </span>
     <span class='ocr_line' id='line_1_6' title="bbox 251 445 1944 497; baseline -0.003 -10"><span class='ocrx_word' id='word_1_40' title='bbox 251 447 562 497; x_wconf 78' lang='lat' dir='ltr'>praecedentibus</span> <span class='ocrx_word' id='word_1_41' title='bbox 582 446 684 484; x_wconf 91' lang='lat' dir='ltr'>foliis</span> <span class='ocrx_word' id='word_1_42' title='bbox 712 446 880 485; x_wconf 86' lang='lat' dir='ltr'>erenatis</span> <span class='ocrx_word' id='word_1_43' title='bbox 905 446 1173 496; x_wconf 82' lang='lat' dir='ltr'>distinguitur3</span> <span class='ocrx_word' id='word_1_44' title='bbox 1205 446 1241 484; x_wconf 90' lang='lat' dir='ltr'>V.</span> <span class='ocrx_word' id='word_1_45' title='bbox 1269 446 1415 496; x_wconf 71' lang='lat' dir='ltr'>Alpina</span> <span class='ocrx_word' id='word_1_46' title='bbox 1435 446 1600 494; x_wconf 65' lang='lat' dir='ltr'>quacum</span> <span class='ocrx_word' id='word_1_47' title='bbox 1626 458 1711 484; x_wconf 85' lang='lat' dir='ltr'>eam</span> <span class='ocrx_word' id='word_1_48' title='bbox 1744 447 1792 484; x_wconf 84' lang='lat' dir='ltr'>cl.</span> <span class='ocrx_word' id='word_1_49' title='bbox 1821 445 1944 492; x_wconf 86' lang='lat' dir='ltr'>Regel</span> 
     </span>
     <span class='ocr_line' id='line_1_7' title="bbox 252 505 1535 557; baseline -0.003 -10"><span class='ocrx_word' id='word_1_50' title='bbox 252 507 455 557; x_wconf 85' lang='lat' dir='ltr'>conjungit</span> <span class='ocrx_word' id='word_1_51' title='bbox 481 506 609 544; x_wconf 86' lang='lat' dir='ltr'>differt</span> <span class='ocrx_word' id='word_1_52' title='bbox 633 506 786 554; x_wconf 89' lang='lat' dir='ltr'>stipulis</span> <span class='ocrx_word' id='word_1_53' title='bbox 805 505 952 554; x_wconf 90' lang='lat' dir='ltr'>petiolo</span> <span class='ocrx_word' id='word_1_54' title='bbox 975 505 1129 543; x_wconf 87' lang='lat' dir='ltr'>adnatis</span> <span class='ocrx_word' id='word_1_55' title='bbox 1152 505 1367 544; x_wconf 82' lang='lat' dir='ltr'>linearibus</span> <span class='ocrx_word' id='word_1_56' title='bbox 1392 505 1535 544; x_wconf 88' lang='lat' dir='ltr'>bifidis.</span> 
     </span>
    </p>
   </div>
   <div class='ocr_carea' id='block_1_3' title="bbox 725 647 1468 696">
    <p class='ocr_par' dir='ltr' id='par_1_4' title="bbox 725 647 1468 696">
     <span class='ocr_line' id='line_1_8' title="bbox 725 647 1468 696; baseline 0.009 -14"><span class='ocrx_word' id='word_1_57' title='bbox 725 647 748 669; x_wconf 42' lang='grc' dir='ltr'>ὓ</span> <span class='ocrx_word' id='word_1_58' title='bbox 780 647 804 669; x_wconf 44' lang='lat' dir='ltr'>st</span> <span class='ocrx_word' id='word_1_59' title='bbox 837 647 998 696; x_wconf 85' lang='lat' dir='ltr'>Stipulae</span> <span class='ocrx_word' id='word_1_60' title='bbox 1021 647 1190 686; x_wconf 83' lang='lat' dir='ltr'>dentatae</span> <span class='ocrx_word' id='word_1_61' title='bbox 1212 648 1273 685; x_wconf 89' lang='lat' dir='ltr'>vel</span> <span class='ocrx_word' id='word_1_62' title='bbox 1300 648 1468 696; x_wconf 81' lang='lat' dir='ltr'>partitae.</span> 
     </span>
    </p>
   </div>
   <div class='ocr_carea' id='block_1_4' title="bbox 340 769 1855 869">
    <p class='ocr_par' dir='ltr' id='par_1_5' title="bbox 340 769 1855 869">
     <span class='ocr_line' id='line_1_9' title="bbox 340 769 1855 826; baseline -0.003 -14"><span class='ocrx_word' id='word_1_63' title='bbox 340 772 377 826; x_wconf 50' lang='grc' dir='ltr'>ἦ·</span> <span class='ocrx_word' id='word_1_64' title='bbox 411 773 613 812; x_wconf 87' lang='lat' dir='ltr'>Caudiculi</span> <span class='ocrx_word' id='word_1_65' title='bbox 635 772 835 810; x_wconf 87' lang='lat' dir='ltr'>filiformes</span> <span class='ocrx_word' id='word_1_66' title='bbox 857 775 1039 819; x_wconf 84' lang='lat' dir='ltr'>repentes</span> <span class='ocrx_word' id='word_1_67' title='bbox 1060 772 1249 810; x_wconf 87' lang='lat' dir='ltr'>abeuntes</span> <span class='ocrx_word' id='word_1_68' title='bbox 1272 771 1310 808; x_wconf 91' lang='lat' dir='ltr'>in</span> <span class='ocrx_word' id='word_1_69' title='bbox 1335 772 1467 810; x_wconf 88' lang='lat' dir='ltr'>caules</span> <span class='ocrx_word' id='word_1_70' title='bbox 1490 771 1747 810; x_wconf 89' lang='lat' dir='ltr'>brevissimos</span> <span class='ocrx_word' id='word_1_71' title='bbox 1773 769 1855 808; x_wconf 86' lang='lat' dir='ltr'>fere</span> 
     </span>
     <span class='ocr_line' id='line_1_10' title="bbox 946 830 1247 869; baseline 0.003 -1"><span class='ocrx_word' id='word_1_72' title='bbox 946 830 1247 869; x_wconf 87' lang='lat' dir='ltr'>rosulaeformes.</span> 
     </span>
    </p>
   </div>
   <div class='ocr_carea' id='block_1_5' title="bbox 247 945 1945 1606">
    <p class='ocr_par' dir='ltr' id='par_1_6' title="bbox 249 945 1945 1417">
     <span class='ocr_line' id='line_1_11' title="bbox 309 945 1942 1006; baseline -0.004 -11"><span class='ocrx_word' id='word_1_73' title='bbox 309 952 371 995; x_wconf 89' lang='lat' dir='ltr'>V.</span> <span class='ocrx_word' id='word_1_74' title='bbox 389 951 617 994; x_wconf 83' lang='lat' dir='ltr'>Altaica</span> <span class='ocrx_word' id='word_1_75' title='bbox 655 949 776 1006; x_wconf 82' lang='lat' dir='ltr'>(Pali.</span> <span class='ocrx_word' id='word_1_76' title='bbox 812 948 856 991; x_wconf 91' lang='lat' dir='ltr'>in</span> <span class='ocrx_word' id='word_1_77' title='bbox 889 947 1049 991; x_wconf 87' lang='lat' dir='ltr'>Schult.</span> <span class='ocrx_word' id='word_1_78' title='bbox 1090 947 1199 1006; x_wconf 79' lang='lat' dir='ltr'>Syst.</span> <span class='ocrx_word' id='word_1_79' title='bbox 1228 947 1277 1001; x_wconf 83' lang='lat' dir='ltr'>V,</span> <span class='ocrx_word' id='word_1_80' title='bbox 1307 961 1347 1005; x_wconf 89' lang='lat' dir='ltr'>p.</span> <span class='ocrx_word' id='word_1_81' title='bbox 1379 946 1488 1003; x_wconf 81' lang='lat'>383)</span> <span class='ocrx_word' id='word_1_82' title='bbox 1523 945 1687 989; x_wconf 90' lang='lat' dir='ltr'>minute</span> <span class='ocrx_word' id='word_1_83' title='bbox 1714 945 1942 1003; x_wconf 65' lang='lat' dir='ltr'>puberum,</span> 
     </span>
     <span class='ocr_line' id='line_1_12' title="bbox 251 1004 1943 1063; baseline -0.004 -10"><span class='ocrx_word' id='word_1_84' title='bbox 251 1009 443 1053; x_wconf 87' lang='lat' dir='ltr'>caulibus</span> <span class='ocrx_word' id='word_1_85' title='bbox 470 1008 751 1052; x_wconf 86' lang='lat' dir='ltr'>subsolitariis</span> <span class='ocrx_word' id='word_1_86' title='bbox 768 1043 777 1060; x_wconf 89' lang='lat'>,</span> <span class='ocrx_word' id='word_1_87' title='bbox 812 1006 922 1049; x_wconf 90' lang='lat' dir='ltr'>foliis</span> <span class='ocrx_word' id='word_1_88' title='bbox 955 1006 1373 1063; x_wconf 80' lang='lat' dir='ltr'>oblongo-ellipticis</span> <span class='ocrx_word' id='word_1_89' title='bbox 1399 1005 1584 1049; x_wconf 85' lang='lat' dir='ltr'>crenatis</span> <span class='ocrx_word' id='word_1_90' title='bbox 1610 1004 1773 1048; x_wconf 78' lang='lat' dir='ltr'>obtusis</span> <span class='ocrx_word' id='word_1_91' title='bbox 1800 1005 1844 1047; x_wconf 92' lang='lat' dir='ltr'>in</span> <span class='ocrx_word' id='word_1_92' title='bbox 1871 1018 1943 1062; x_wconf 91' lang='lat' dir='ltr'>pe-</span> 
     </span>
     <span class='ocr_line' id='line_1_13' title="bbox 252 1062 1944 1123; baseline -0.003 -12"><span class='ocrx_word' id='word_1_93' title='bbox 252 1068 402 1112; x_wconf 89' lang='lat' dir='ltr'>tiolum</span> <span class='ocrx_word' id='word_1_94' title='bbox 434 1067 685 1120; x_wconf 82' lang='lat' dir='ltr'>attenuatis,</span> <span class='ocrx_word' id='word_1_95' title='bbox 720 1065 885 1123; x_wconf 89' lang='lat' dir='ltr'>stipulis</span> <span class='ocrx_word' id='word_1_96' title='bbox 918 1065 1181 1122; x_wconf 83' lang='lat' dir='ltr'>pinnatifidis</span> <span class='ocrx_word' id='word_1_97' title='bbox 1208 1065 1317 1109; x_wconf 88' lang='lat' dir='ltr'>lobis</span> <span class='ocrx_word' id='word_1_98' title='bbox 1345 1063 1590 1108; x_wconf 75' lang='lat' dir='ltr'>lateralibus</span> <span class='ocrx_word' id='word_1_99' title='bbox 1616 1062 1851 1106; x_wconf 84' lang='lat' dir='ltr'>linearibus</span> <span class='ocrx_word' id='word_1_100' title='bbox 1878 1063 1944 1106; x_wconf 92' lang='lat' dir='ltr'>in-</span> 
     </span>
     <span class='ocr_line' id='line_1_14' title="bbox 251 1121 1942 1182; baseline -0.004 -12"><span class='ocrx_word' id='word_1_101' title='bbox 251 1126 458 1170; x_wconf 87' lang='lat' dir='ltr'>termedio</span> <span class='ocrx_word' id='word_1_102' title='bbox 485 1125 667 1182; x_wconf 84' lang='lat' dir='ltr'>longiori</span> <span class='ocrx_word' id='word_1_103' title='bbox 695 1123 1074 1181; x_wconf 80' lang='lat' dir='ltr'>oblongo-lineari,</span> <span class='ocrx_word' id='word_1_104' title='bbox 1103 1124 1283 1168; x_wconf 86' lang='lat' dir='ltr'>floribus</span> <span class='ocrx_word' id='word_1_105' title='bbox 1310 1122 1476 1180; x_wconf 83' lang='lat' dir='ltr'>magnis</span> <span class='ocrx_word' id='word_1_106' title='bbox 1501 1121 1698 1165; x_wconf 80' lang='lat' dir='ltr'>violaceis</span> <span class='ocrx_word' id='word_1_107' title='bbox 1720 1123 1783 1165; x_wconf 87' lang='lat' dir='ltr'>vel</span> <span class='ocrx_word' id='word_1_108' title='bbox 1800 1122 1942 1176; x_wconf 87' lang='lat' dir='ltr'>luteis,</span> 
     </span>
     <span class='ocr_line' id='line_1_15' title="bbox 251 1180 1944 1243; baseline -0.004 -14"><span class='ocrx_word' id='word_1_109' title='bbox 251 1185 403 1243; x_wconf 88' lang='lat' dir='ltr'>sepalis</span> <span class='ocrx_word' id='word_1_110' title='bbox 445 1184 688 1228; x_wconf 80' lang='lat' dir='ltr'>lanceolatis</span> <span class='ocrx_word' id='word_1_111' title='bbox 729 1182 1005 1227; x_wconf 81' lang='lat' dir='ltr'>acutiusculis</span> <span class='ocrx_word' id='word_1_112' title='bbox 1045 1183 1325 1227; x_wconf 70' lang='lat' dir='ltr'>circumcirca</span> <span class='ocrx_word' id='word_1_113' title='bbox 1366 1181 1606 1240; x_wconf 83' lang='lat' dir='ltr'>praesertim</span> <span class='ocrx_word' id='word_1_114' title='bbox 1648 1193 1796 1224; x_wconf 85' lang='lat' dir='ltr'>versus</span> <span class='ocrx_word' id='word_1_115' title='bbox 1822 1180 1944 1224; x_wconf 90' lang='lat' dir='ltr'>basin</span> 
     </span>
     <span class='ocr_line' id='line_1_16' title="bbox 251 1238 1945 1300; baseline -0.003 -13"><span class='ocrx_word' id='word_1_116' title='bbox 251 1243 535 1296; x_wconf 82' lang='lat' dir='ltr'>denticulatis,</span> <span class='ocrx_word' id='word_1_117' title='bbox 565 1243 728 1286; x_wconf 87' lang='lat' dir='ltr'>calcare</span> <span class='ocrx_word' id='word_1_118' title='bbox 755 1241 910 1300; x_wconf 75' lang='lat' dir='ltr'>calycis</span> <span class='ocrx_word' id='word_1_119' title='bbox 939 1241 1246 1298; x_wconf 86' lang='lat' dir='ltr'>appendicibus</span> <span class='ocrx_word' id='word_1_120' title='bbox 1268 1242 1393 1300; x_wconf 86' lang='lat' dir='ltr'>paulo</span> <span class='ocrx_word' id='word_1_121' title='bbox 1410 1240 1603 1297; x_wconf 81' lang='lat' dir='ltr'>longiore</span> <span class='ocrx_word' id='word_1_122' title='bbox 1631 1247 1668 1289; x_wconf 72' lang='lat'>26</span> <span class='ocrx_word' id='word_1_123' title='bbox 1684 1273 1692 1281; x_wconf 93' lang='lat'>.</span> <span class='ocrx_word' id='word_1_124' title='bbox 1723 1238 1773 1281; x_wconf 91' lang='lat' dir='ltr'>V:</span> <span class='ocrx_word' id='word_1_125' title='bbox 1793 1238 1945 1283; x_wconf 73' lang='lat' dir='ltr'>Orien—</span> 
     </span>
     <span class='ocr_line' id='line_1_17' title="bbox 250 1297 1940 1358; baseline -0.003 -12"><span class='ocrx_word' id='word_1_126' title='bbox 250 1304 350 1346; x_wconf 69' lang='lat' dir='ltr'>talis</span> <span class='ocrx_word' id='word_1_127' title='bbox 376 1308 581 1345; x_wconf 77' lang='lat' dir='ltr'>montana</span> <span class='ocrx_word' id='word_1_128' title='bbox 606 1302 874 1357; x_wconf 69' lang='lat' dir='ltr'>gyrandz&#39;slora</span> <span class='ocrx_word' id='word_1_129' title='bbox 901 1299 1059 1342; x_wconf 89' lang='lat' dir='ltr'>Tourn.</span> <span class='ocrx_word' id='word_1_130' title='bbox 1091 1299 1243 1344; x_wconf 88' lang='lat' dir='ltr'>Coroll.</span> <span class='ocrx_word' id='word_1_131' title='bbox 1274 1315 1316 1358; x_wconf 91' lang='lat' dir='ltr'>p.</span> <span class='ocrx_word' id='word_1_132' title='bbox 1343 1299 1415 1344; x_wconf 80' lang='lat'>30.</span> <span class='ocrx_word' id='word_1_133' title='bbox 1447 1299 1493 1342; x_wconf 87' lang='lat' dir='ltr'>V.</span> <span class='ocrx_word' id='word_1_134' title='bbox 1513 1299 1684 1342; x_wconf 79' lang='lat' dir='ltr'>oreades</span> <span class='ocrx_word' id='word_1_135' title='bbox 1704 1297 1789 1341; x_wconf 86' lang='grc' dir='ltr'>ΜΒ.</span> <span class='ocrx_word' id='word_1_136' title='bbox 1812 1298 1940 1341; x_wconf 86' lang='lat' dir='ltr'>Taur.</span> 
     </span>
     <span class='ocr_line' id='line_1_18' title="bbox 249 1359 686 1417; baseline -0.007 -12"><span class='ocrx_word' id='word_1_137' title='bbox 249 1361 374 1405; x_wconf 87' lang='lat' dir='ltr'>Cauc.</span> <span class='ocrx_word' id='word_1_138' title='bbox 407 1361 482 1414; x_wconf 86' lang='lat' dir='ltr'>Ill,</span> <span class='ocrx_word' id='word_1_139' title='bbox 512 1375 555 1417; x_wconf 93' lang='lat' dir='ltr'>p.</span> <span class='ocrx_word' id='word_1_140' title='bbox 587 1359 686 1402; x_wconf 50' lang='lat'>1167.</span> 
     </span>
    </p>

    <p class='ocr_par' dir='ltr' id='par_1_7' title="bbox 247 1422 1945 1606">
     <span class='ocr_line' id='line_1_19' title="bbox 308 1422 1944 1479; baseline -0.003 -9"><span class='ocrx_word' id='word_1_141' title='bbox 308 1432 408 1469; x_wconf 88' lang='lat' dir='ltr'>Hab.</span> <span class='ocrx_word' id='word_1_142' title='bbox 432 1431 471 1468; x_wconf 93' lang='lat' dir='ltr'>in</span> <span class='ocrx_word' id='word_1_143' title='bbox 495 1430 636 1478; x_wconf 86' lang='lat' dir='ltr'>alpinis</span> <span class='ocrx_word' id='word_1_144' title='bbox 660 1429 775 1467; x_wconf 88' lang='lat' dir='ltr'>Ponti</span> <span class='ocrx_word' id='word_1_145' title='bbox 801 1427 946 1479; x_wconf 87' lang='lat' dir='ltr'>(Tchih</span> <span class='ocrx_word' id='word_1_146' title='bbox 962 1422 993 1479; x_wconf 92' lang='lat'>!)</span> <span class='ocrx_word' id='word_1_147' title='bbox 1010 1458 1019 1474; x_wconf 92' lang='lat'>,</span> <span class='ocrx_word' id='word_1_148' title='bbox 1052 1429 1248 1467; x_wconf 76' lang='lat' dir='ltr'>Armeniae</span> <span class='ocrx_word' id='word_1_149' title='bbox 1272 1428 1452 1467; x_wconf 86' lang='lat' dir='ltr'>Turcicae</span> <span class='ocrx_word' id='word_1_150' title='bbox 1473 1425 1663 1478; x_wconf 81' lang='lat' dir='ltr'>(Toum.)</span> <span class='ocrx_word' id='word_1_151' title='bbox 1689 1429 1729 1464; x_wconf 85' lang='lat' dir='ltr'>et</span> <span class='ocrx_word' id='word_1_152' title='bbox 1750 1426 1789 1463; x_wconf 90' lang='lat' dir='ltr'>in</span> <span class='ocrx_word' id='word_1_153' title='bbox 1814 1430 1944 1465; x_wconf 86' lang='lat' dir='ltr'>monte</span> 
     </span>
     <span class='ocr_line' id='line_1_20' title="bbox 248 1481 1945 1542; baseline -0.004 -12"><span class='ocrx_word' id='word_1_154' title='bbox 248 1489 488 1538; x_wconf 83' lang='lat' dir='ltr'>Kolakdagh</span> <span class='ocrx_word' id='word_1_155' title='bbox 506 1490 627 1539; x_wconf 86' lang='lat' dir='ltr'>(Huet</span> <span class='ocrx_word' id='word_1_156' title='bbox 644 1487 687 1539; x_wconf 88' lang='lat'>!),</span> <span class='ocrx_word' id='word_1_157' title='bbox 714 1489 752 1526; x_wconf 90' lang='lat' dir='ltr'>in</span> <span class='ocrx_word' id='word_1_158' title='bbox 778 1487 972 1526; x_wconf 89' lang='lat' dir='ltr'>montibus</span> <span class='ocrx_word' id='word_1_159' title='bbox 992 1489 1114 1536; x_wconf 70' lang='lat' dir='ltr'>supra</span> <span class='ocrx_word' id='word_1_160' title='bbox 1130 1487 1307 1527; x_wconf 86' lang='lat' dir='ltr'>Gumuch</span> <span class='ocrx_word' id='word_1_161' title='bbox 1334 1481 1541 1542; x_wconf 78' lang='lat' dir='ltr'>(Bourgl).</span> <span class='ocrx_word' id='word_1_162' title='bbox 1567 1485 1754 1524; x_wconf 73' lang='lat' dir='ltr'>Armenia</span> <span class='ocrx_word' id='word_1_163' title='bbox 1777 1485 1945 1524; x_wconf 69' lang='lat' dir='ltr'>Rossica</span> 
     </span>
     <span class='ocr_line' id='line_1_21' title="bbox 247 1543 1937 1606; baseline -0.003 -17"><span class='ocrx_word' id='word_1_164' title='bbox 247 1547 380 1606; x_wconf 86' lang='lat' dir='ltr'>(Szow</span> <span class='ocrx_word' id='word_1_165' title='bbox 396 1547 428 1603; x_wconf 86' lang='lat'>!)</span> <span class='ocrx_word' id='word_1_166' title='bbox 443 1579 453 1600; x_wconf 92' lang='lat'><em>‚</em></span> <span class='ocrx_word' id='word_1_167' title='bbox 489 1550 528 1586; x_wconf 91' lang='lat' dir='ltr'>in</span> <span class='ocrx_word' id='word_1_168' title='bbox 550 1549 745 1587; x_wconf 86' lang='lat' dir='ltr'>montibus</span> <span class='ocrx_word' id='word_1_169' title='bbox 768 1547 924 1585; x_wconf 80' lang='lat' dir='ltr'>Tauriae</span> <span class='ocrx_word' id='word_1_170' title='bbox 949 1551 986 1585; x_wconf 89' lang='lat' dir='ltr'>et</span> <span class='ocrx_word' id='word_1_171' title='bbox 1009 1545 1186 1586; x_wconf 81' lang='lat' dir='ltr'>Caucaso</span> <span class='ocrx_word' id='word_1_172' title='bbox 1212 1547 1450 1586; x_wconf 87' lang='lat' dir='ltr'>occidentali</span> <span class='ocrx_word' id='word_1_173' title='bbox 1486 1544 1593 1601; x_wconf 90' lang='grc' dir='ltr'><strong>(ΜΒ,</strong></span> <span class='ocrx_word' id='word_1_174' title='bbox 1615 1545 1724 1585; x_wconf 78' lang='lat' dir='ltr'>Stev.</span> <span class='ocrx_word' id='word_1_175' title='bbox 1753 1543 1937 1596; x_wconf 83' lang='lat' dir='ltr'>G.A.M.).</span> 
     </span>
    </p>
   </div>
   <div class='ocr_carea' id='block_1_6' title="bbox 246 1613 1941 1725">
    <p class='ocr_par' dir='ltr' id='par_1_8' title="bbox 246 1613 1941 1725">
     <span class='ocr_line' id='line_1_22' title="bbox 308 1613 1941 1665; baseline -0.004 -8"><span class='ocrx_word' id='word_1_176' title='bbox 308 1619 446 1657; x_wconf 83' lang='lat' dir='ltr'>Facies</span> <span class='ocrx_word' id='word_1_177' title='bbox 474 1621 511 1655; x_wconf 90' lang='lat' dir='ltr'>et</span> <span class='ocrx_word' id='word_1_178' title='bbox 537 1618 696 1665; x_wconf 83' lang='lat' dir='ltr'>magnit.</span> <span class='ocrx_word' id='word_1_179' title='bbox 722 1616 859 1654; x_wconf 87' lang='lat' dir='ltr'>florum</span> <span class='ocrx_word' id='word_1_180' title='bbox 888 1615 927 1654; x_wconf 87' lang='lat' dir='ltr'>V.</span> <span class='ocrx_word' id='word_1_181' title='bbox 952 1616 1156 1656; x_wconf 76' lang='lat' dir='ltr'>calcaratae</span> <span class='ocrx_word' id='word_1_182' title='bbox 1180 1628 1204 1654; x_wconf 88' lang='lat' dir='ltr'>a</span> <span class='ocrx_word' id='word_1_183' title='bbox 1236 1617 1314 1664; x_wconf 73' lang='lat' dir='ltr'>qua</span> <span class='ocrx_word' id='word_1_184' title='bbox 1334 1616 1464 1654; x_wconf 82' lang='lat' dir='ltr'>differt</span> <span class='ocrx_word' id='word_1_185' title='bbox 1486 1615 1589 1654; x_wconf 89' lang='lat' dir='ltr'>foliis</span> <span class='ocrx_word' id='word_1_186' title='bbox 1611 1613 1858 1652; x_wconf 84' lang='lat' dir='ltr'>brevioribus</span> <span class='ocrx_word' id='word_1_187' title='bbox 1883 1613 1941 1650; x_wconf 87' lang='lat' dir='ltr'>la-</span> 
     </span>
     <span class='ocr_line' id='line_1_23' title="bbox 246 1671 1941 1725; baseline -0.004 -8"><span class='ocrx_word' id='word_1_188' title='bbox 246 1678 409 1717; x_wconf 88' lang='lat' dir='ltr'>tioribus</span> <span class='ocrx_word' id='word_1_189' title='bbox 434 1681 472 1715; x_wconf 86' lang='lat' dir='ltr'>et</span> <span class='ocrx_word' id='word_1_190' title='bbox 499 1676 652 1715; x_wconf 85' lang='lat' dir='ltr'>calcare</span> <span class='ocrx_word' id='word_1_191' title='bbox 676 1676 918 1714; x_wconf 87' lang='lat' dir='ltr'>abbreviato.</span> <span class='ocrx_word' id='word_1_192' title='bbox 953 1675 1177 1725; x_wconf 86' lang='lat' dir='ltr'>Specimina</span> <span class='ocrx_word' id='word_1_193' title='bbox 1213 1674 1380 1714; x_wconf 83' lang='lat' dir='ltr'>Sibirica</span> <span class='ocrx_word' id='word_1_194' title='bbox 1410 1675 1475 1712; x_wconf 84' lang='lat' dir='ltr'>vix</span> <span class='ocrx_word' id='word_1_195' title='bbox 1510 1674 1694 1713; x_wconf 85' lang='lat' dir='ltr'>differunt</span> <span class='ocrx_word' id='word_1_196' title='bbox 1716 1671 1822 1711; x_wconf 87' lang='lat' dir='ltr'>foliis</span> <span class='ocrx_word' id='word_1_197' title='bbox 1847 1672 1941 1710; x_wconf 87' lang='lat' dir='ltr'>sub-</span> 
     </span>
    </p>
   </div>
   <div class='ocr_carea' id='block_1_7' title="bbox 246 1734 1260 1854">
    <p class='ocr_par' dir='ltr' id='par_1_9' title="bbox 246 1734 1260 1854">
     <span class='ocr_line' id='line_1_24' title="bbox 246 1734 979 1788; baseline -0.005 -11"><span class='ocrx_word' id='word_1_198' title='bbox 246 1737 458 1788; x_wconf 84' lang='lat' dir='ltr'>majoribus</span> <span class='ocrx_word' id='word_1_199' title='bbox 482 1739 521 1774; x_wconf 86' lang='lat' dir='ltr'>et</span> <span class='ocrx_word' id='word_1_200' title='bbox 541 1736 696 1774; x_wconf 84' lang='lat' dir='ltr'>calcare</span> <span class='ocrx_word' id='word_1_201' title='bbox 719 1734 979 1773; x_wconf 85' lang='lat' dir='ltr'>subbreviori.</span> 
     </span>
     <span class='ocr_line' id='line_1_25' title="bbox 305 1802 1260 1854; baseline -0.003 -11"><span class='ocrx_word' id='word_1_202' title='bbox 305 1804 379 1844; x_wconf 80' lang='lat' dir='ltr'>Ar.</span> <span class='ocrx_word' id='word_1_203' title='bbox 412 1809 568 1854; x_wconf 77' lang='lat' dir='ltr'>Geogr.</span> <span class='ocrx_word' id='word_1_204' title='bbox 593 1803 738 1842; x_wconf 88' lang='lat' dir='ltr'>Sibiria</span> <span class='ocrx_word' id='word_1_205' title='bbox 757 1802 914 1842; x_wconf 87' lang='lat' dir='ltr'>Altaica</span> <span class='ocrx_word' id='word_1_206' title='bbox 937 1806 977 1842; x_wconf 81' lang='lat' dir='ltr'>et</span> <span class='ocrx_word' id='word_1_207' title='bbox 999 1802 1260 1841; x_wconf 85' lang='lat' dir='ltr'>Baicalensis.</span> 
     </span>
    </p>
   </div>
   <div class='ocr_carea' id='block_1_8' title="bbox 239 1953 1939 2735">
    <p class='ocr_par' dir='ltr' id='par_1_10' title="bbox 241 1953 1939 2428">
     <span class='ocr_line' id='line_1_26' title="bbox 301 1953 1938 2014; baseline -0.006 -8"><span class='ocrx_word' id='word_1_208' title='bbox 301 1963 363 2006; x_wconf 89' lang='lat' dir='ltr'>V.</span> <span class='ocrx_word' id='word_1_209' title='bbox 397 1959 802 2006; x_wconf 84' lang='lat' dir='ltr'>Clementiana</span> <span class='ocrx_word' id='word_1_210' title='bbox 838 1957 991 2014; x_wconf 90' lang='lat' dir='ltr'>(Boiss.</span> <span class='ocrx_word' id='word_1_211' title='bbox 1032 1957 1178 2014; x_wconf 81' lang='lat' dir='ltr'>Diagn.</span> <span class='ocrx_word' id='word_1_212' title='bbox 1210 1956 1301 2000; x_wconf 89' lang='lat' dir='ltr'>Ser.</span> <span class='ocrx_word' id='word_1_213' title='bbox 1334 1956 1396 2010; x_wconf 84' lang='grc' dir='ltr'>ΙΙ,</span> <span class='ocrx_word' id='word_1_214' title='bbox 1426 1956 1466 2011; x_wconf 87' lang='lat'>1,</span> <span class='ocrx_word' id='word_1_215' title='bbox 1503 1970 1545 2013; x_wconf 94' lang='lat' dir='ltr'>p.</span> <span class='ocrx_word' id='word_1_216' title='bbox 1577 1953 1681 2012; x_wconf 83' lang='lat'>55),</span> <span class='ocrx_word' id='word_1_217' title='bbox 1712 1953 1938 2011; x_wconf 88' lang='lat' dir='ltr'>puberula,</span> 
     </span>
     <span class='ocr_line' id='line_1_27' title="bbox 244 2012 1939 2072; baseline -0.006 -6"><span class='ocrx_word' id='word_1_218' title='bbox 244 2020 437 2066; x_wconf 89' lang='lat' dir='ltr'>caulibus</span> <span class='ocrx_word' id='word_1_219' title='bbox 464 2016 769 2070; x_wconf 85' lang='lat' dir='ltr'>subsolitariis,</span> <span class='ocrx_word' id='word_1_220' title='bbox 808 2015 920 2059; x_wconf 86' lang='lat' dir='ltr'>foliis</span> <span class='ocrx_word' id='word_1_221' title='bbox 946 2016 1307 2072; x_wconf 83' lang='lat' dir='ltr'>ovato-oblongis</span> <span class='ocrx_word' id='word_1_222' title='bbox 1335 2014 1514 2072; x_wconf 83' lang='lat' dir='ltr'>integris</span> <span class='ocrx_word' id='word_1_223' title='bbox 1539 2014 1603 2057; x_wconf 85' lang='lat' dir='ltr'>vel</span> <span class='ocrx_word' id='word_1_224' title='bbox 1631 2012 1821 2056; x_wconf 87' lang='lat' dir='ltr'>obsolete</span> <span class='ocrx_word' id='word_1_225' title='bbox 1848 2026 1939 2056; x_wconf 88' lang='lat' dir='ltr'>cre-</span> 
     </span>
     <span class='ocr_line' id='line_1_28' title="bbox 244 2070 1939 2135; baseline -0.006 -11"><span class='ocrx_word' id='word_1_226' title='bbox 244 2080 355 2124; x_wconf 87' lang='lat' dir='ltr'>natis</span> <span class='ocrx_word' id='word_1_227' title='bbox 382 2079 426 2121; x_wconf 91' lang='lat' dir='ltr'>in</span> <span class='ocrx_word' id='word_1_228' title='bbox 452 2076 656 2135; x_wconf 89' lang='lat' dir='ltr'>petiolum</span> <span class='ocrx_word' id='word_1_229' title='bbox 683 2074 934 2128; x_wconf 84' lang='lat' dir='ltr'>attenuatis,</span> <span class='ocrx_word' id='word_1_230' title='bbox 962 2074 1129 2133; x_wconf 84' lang='lat' dir='ltr'>stipulis</span> <span class='ocrx_word' id='word_1_231' title='bbox 1155 2071 1619 2130; x_wconf 81' lang='lat' dir='ltr'>oblongo-lanceolatis</span> <span class='ocrx_word' id='word_1_232' title='bbox 1646 2070 1939 2128; x_wconf 88' lang='lat' dir='ltr'>superioribus</span> 
     </span>
     <span class='ocr_line' id='line_1_29' title="bbox 246 2129 1939 2195; baseline -0.006 -13"><span class='ocrx_word' id='word_1_233' title='bbox 246 2138 447 2195; x_wconf 86' lang='lat' dir='ltr'>utrinque</span> <span class='ocrx_word' id='word_1_234' title='bbox 480 2136 606 2178; x_wconf 81' lang='lat' dir='ltr'>dente</span> <span class='ocrx_word' id='word_1_235' title='bbox 642 2133 801 2187; x_wconf 81' lang='lat' dir='ltr'>auctiS,</span> <span class='ocrx_word' id='word_1_236' title='bbox 844 2132 1022 2177; x_wconf 83' lang='lat' dir='ltr'>floribus</span> <span class='ocrx_word' id='word_1_237' title='bbox 1049 2132 1297 2191; x_wconf 86' lang='lat' dir='ltr'>majusculis</span> <span class='ocrx_word' id='word_1_238' title='bbox 1323 2132 1476 2186; x_wconf 78' lang='lat' dir='ltr'>luteis,</span> <span class='ocrx_word' id='word_1_239' title='bbox 1513 2132 1677 2175; x_wconf 85' lang='lat' dir='ltr'>calcare</span> <span class='ocrx_word' id='word_1_240' title='bbox 1710 2129 1939 2188; x_wconf 84' lang='lat' dir='ltr'>cylindrico</span> 
     </span>
     <span class='ocr_line' id='line_1_30' title="bbox 244 2189 1933 2255; baseline -0.007 -13"><span class='ocrx_word' id='word_1_241' title='bbox 244 2196 398 2255; x_wconf 89' lang='lat' dir='ltr'>sepalis</span> <span class='ocrx_word' id='word_1_242' title='bbox 430 2192 626 2249; x_wconf 80' lang='lat' dir='ltr'>oblongis</span> <span class='ocrx_word' id='word_1_243' title='bbox 661 2191 934 2236; x_wconf 88' lang='lat' dir='ltr'>acutiusculis</span> <span class='ocrx_word' id='word_1_244' title='bbox 966 2199 1122 2249; x_wconf 86' lang='lat' dir='ltr'>praeter</span> <span class='ocrx_word' id='word_1_245' title='bbox 1158 2191 1413 2249; x_wconf 89' lang='lat' dir='ltr'>appendices</span> <span class='ocrx_word' id='word_1_246' title='bbox 1439 2189 1619 2246; x_wconf 82' lang='lat' dir='ltr'>integris</span> <span class='ocrx_word' id='word_1_247' title='bbox 1643 2189 1838 2245; x_wconf 84' lang='lat' dir='ltr'>longiore</span> <span class='ocrx_word' id='word_1_248' title='bbox 1874 2196 1933 2238; x_wconf 74' lang='lat'>26.</span> 
     </span>
     <span class='ocr_line' id='line_1_31' title="bbox 250 2246 1938 2306; baseline -0.005 -8"><span class='ocrx_word' id='word_1_249' title='bbox 250 2256 298 2300; x_wconf 93' lang='lat' dir='ltr'>V.</span> <span class='ocrx_word' id='word_1_250' title='bbox 328 2255 544 2298; x_wconf 81' lang='lat' dir='ltr'>calcarata</span> <span class='ocrx_word' id='word_1_251' title='bbox 570 2251 705 2294; x_wconf 85' lang='lat' dir='ltr'>Sibth.</span> <span class='ocrx_word' id='word_1_252' title='bbox 737 2258 778 2294; x_wconf 80' lang='lat' dir='ltr'>et</span> <span class='ocrx_word' id='word_1_253' title='bbox 804 2249 889 2293; x_wconf 89' lang='lat' dir='ltr'>Sm.</span> <span class='ocrx_word' id='word_1_254' title='bbox 922 2249 1069 2294; x_wconf 83' lang='lat' dir='ltr'>Prodr.</span> <span class='ocrx_word' id='word_1_255' title='bbox 1101 2250 1161 2294; x_wconf 92' lang='lat' dir='ltr'>Fl.</span> <span class='ocrx_word' id='word_1_256' title='bbox 1192 2250 1265 2294; x_wconf 87' lang='lat' dir='ltr'>Gr.</span> <span class='ocrx_word' id='word_1_257' title='bbox 1296 2248 1460 2294; x_wconf 90' lang='lat' dir='ltr'>Griseb.</span> <span class='ocrx_word' id='word_1_258' title='bbox 1491 2248 1602 2306; x_wconf 85' lang='lat' dir='ltr'>Spic.</span> <span class='ocrx_word' id='word_1_259' title='bbox 1625 2247 1660 2302; x_wconf 87' lang='lat' dir='ltr'>l,</span> <span class='ocrx_word' id='word_1_260' title='bbox 1688 2260 1729 2304; x_wconf 91' lang='lat' dir='ltr'>p.</span> <span class='ocrx_word' id='word_1_261' title='bbox 1751 2246 1835 2291; x_wconf 72' lang='lat'>237</span> <span class='ocrx_word' id='word_1_262' title='bbox 1852 2260 1938 2290; x_wconf 93' lang='lat' dir='ltr'>non</span> 
     </span>
     <span class='ocr_line' id='line_1_32' title="bbox 241 2305 1933 2370; baseline -0.005 -13"><span class='ocrx_word' id='word_1_263' title='bbox 241 2315 285 2357; x_wconf 87' lang='lat' dir='ltr'>L.</span> <span class='ocrx_word' id='word_1_264' title='bbox 326 2314 372 2357; x_wconf 95' lang='lat' dir='ltr'>V.</span> <span class='ocrx_word' id='word_1_265' title='bbox 402 2311 672 2370; x_wconf 71' lang='lat' dir='ltr'>yrandillora</span> <span class='ocrx_word' id='word_1_266' title='bbox 702 2309 870 2353; x_wconf 89' lang='lat' dir='ltr'>Griseb.</span> <span class='ocrx_word' id='word_1_267' title='bbox 907 2307 1019 2365; x_wconf 89' lang='lat' dir='ltr'>Spic.</span> <span class='ocrx_word' id='word_1_268' title='bbox 1050 2309 1093 2363; x_wconf 88' lang='grc' dir='ltr'>Ι,</span> <span class='ocrx_word' id='word_1_269' title='bbox 1131 2323 1172 2367; x_wconf 93' lang='lat' dir='ltr'>p.</span> <span class='ocrx_word' id='word_1_270' title='bbox 1203 2307 1288 2352; x_wconf 70' lang='lat'>238</span> <span class='ocrx_word' id='word_1_271' title='bbox 1316 2322 1400 2352; x_wconf 92' lang='lat' dir='ltr'>non</span> <span class='ocrx_word' id='word_1_272' title='bbox 1429 2308 1475 2351; x_wconf 92' lang='lat' dir='ltr'>L.</span> <span class='ocrx_word' id='word_1_273' title='bbox 1516 2307 1561 2350; x_wconf 88' lang='lat' dir='ltr'>V.</span> <span class='ocrx_word' id='word_1_274' title='bbox 1592 2306 1769 2365; x_wconf 72' lang='lat' dir='ltr'>yracilis</span> <span class='ocrx_word' id='word_1_275' title='bbox 1803 2305 1933 2350; x_wconf 89' lang='lat' dir='ltr'>Clem.</span> 
     </span>
     <span class='ocr_line' id='line_1_33' title="bbox 241 2366 1026 2428; baseline -0.009 -11"><span class='ocrx_word' id='word_1_276' title='bbox 241 2373 395 2417; x_wconf 89' lang='lat' dir='ltr'>Sertul.</span> <span class='ocrx_word' id='word_1_277' title='bbox 426 2370 593 2428; x_wconf 80' lang='lat' dir='ltr'>Olymp.</span> <span class='ocrx_word' id='word_1_278' title='bbox 624 2382 664 2426; x_wconf 89' lang='lat' dir='ltr'>p.</span> <span class='ocrx_word' id='word_1_279' title='bbox 697 2366 752 2411; x_wconf 81' lang='lat'>16</span> <span class='ocrx_word' id='word_1_280' title='bbox 779 2381 865 2410; x_wconf 91' lang='lat' dir='ltr'>non</span> <span class='ocrx_word' id='word_1_281' title='bbox 891 2366 1026 2411; x_wconf 87' lang='lat' dir='ltr'>Sibth.</span> 
     </span>
    </p>

    <p class='ocr_par' dir='ltr' id='par_1_11' title="bbox 239 2433 1936 2551">
     <span class='ocr_line' id='line_1_34' title="bbox 297 2433 1936 2492; baseline -0.007 -9"><span class='ocrx_word' id='word_1_282' title='bbox 297 2444 398 2482; x_wconf 91' lang='lat' dir='ltr'>Hab.</span> <span class='ocrx_word' id='word_1_283' title='bbox 411 2443 450 2481; x_wconf 92' lang='lat' dir='ltr'>in</span> <span class='ocrx_word' id='word_1_284' title='bbox 462 2440 619 2490; x_wconf 86' lang='lat' dir='ltr'>pascuis</span> <span class='ocrx_word' id='word_1_285' title='bbox 637 2440 778 2488; x_wconf 85' lang='lat' dir='ltr'>alpinis</span> <span class='ocrx_word' id='word_1_286' title='bbox 796 2434 932 2479; x_wconf 86' lang='lat' dir='ltr'>Scardi</span> <span class='ocrx_word' id='word_1_287' title='bbox 953 2438 1193 2479; x_wconf 86' lang='lat' dir='ltr'>Macedoniae</span> <span class='ocrx_word' id='word_1_288' title='bbox 1209 2437 1370 2489; x_wconf 81' lang='lat' dir='ltr'>(Griseb</span> <span class='ocrx_word' id='word_1_289' title='bbox 1384 2435 1430 2492; x_wconf 88' lang='lat'>!),</span> <span class='ocrx_word' id='word_1_290' title='bbox 1446 2436 1605 2487; x_wconf 89' lang='lat' dir='ltr'>Olympi</span> <span class='ocrx_word' id='word_1_291' title='bbox 1617 2435 1778 2486; x_wconf 88' lang='lat' dir='ltr'>Bithyni</span> <span class='ocrx_word' id='word_1_292' title='bbox 1793 2433 1936 2488; x_wconf 82' lang='lat' dir='ltr'>(Sibth.</span> 
     </span>
     <span class='ocr_line' id='line_1_35' title="bbox 239 2497 958 2551; baseline -0.01 -8"><span class='ocrx_word' id='word_1_293' title='bbox 239 2504 365 2543; x_wconf 78' lang='lat' dir='ltr'>Auch.</span> <span class='ocrx_word' id='word_1_294' title='bbox 391 2513 475 2541; x_wconf 83' lang='lat' dir='ltr'>exs.</span> <span class='ocrx_word' id='word_1_295' title='bbox 496 2498 608 2540; x_wconf 82' lang='lat'>917!</span> <span class='ocrx_word' id='word_1_296' title='bbox 634 2500 768 2538; x_wconf 81' lang='lat' dir='ltr'>Boissl</span> <span class='ocrx_word' id='word_1_297' title='bbox 793 2497 958 2551; x_wconf 83' lang='lat' dir='ltr'>Cleml).</span> 
     </span>
    </p>

    <p class='ocr_par' dir='ltr' id='par_1_12' title="bbox 239 2561 1936 2735">
     <span class='ocr_line' id='line_1_36' title="bbox 297 2561 1936 2617; baseline -0.005 -8"><span class='ocrx_word' id='word_1_298' title='bbox 297 2571 439 2610; x_wconf 81' lang='lat' dir='ltr'>Facies</span> <span class='ocrx_word' id='word_1_299' title='bbox 468 2568 624 2608; x_wconf 53' lang='lat' dir='ltr'>omnino</span> <span class='ocrx_word' id='word_1_300' title='bbox 649 2567 905 2616; x_wconf 84' lang='lat' dir='ltr'>praecedentis</span> <span class='ocrx_word' id='word_1_301' title='bbox 928 2566 1039 2615; x_wconf 82' lang='lat' dir='ltr'>cujus</span> <span class='ocrx_word' id='word_1_302' title='bbox 1060 2565 1193 2604; x_wconf 86' lang='lat' dir='ltr'>forsan</span> <span class='ocrx_word' id='word_1_303' title='bbox 1217 2566 1413 2617; x_wconf 84' lang='lat' dir='ltr'>varietas;</span> <span class='ocrx_word' id='word_1_304' title='bbox 1448 2565 1578 2603; x_wconf 85' lang='lat' dir='ltr'>differt</span> <span class='ocrx_word' id='word_1_305' title='bbox 1614 2567 1744 2603; x_wconf 84' lang='lat' dir='ltr'>tamen</span> <span class='ocrx_word' id='word_1_306' title='bbox 1773 2561 1936 2601; x_wconf 86' lang='lat' dir='ltr'>floribus</span> 
     </span>
     <span class='ocr_line' id='line_1_37' title="bbox 239 2621 1934 2675; baseline -0.007 -5"><span class='ocrx_word' id='word_1_307' title='bbox 239 2631 400 2670; x_wconf 89' lang='lat' dir='ltr'>dimidio</span> <span class='ocrx_word' id='word_1_308' title='bbox 441 2627 678 2675; x_wconf 86' lang='lat' dir='ltr'>minoribus,</span> <span class='ocrx_word' id='word_1_309' title='bbox 719 2626 866 2675; x_wconf 87' lang='lat' dir='ltr'>sepalis</span> <span class='ocrx_word' id='word_1_310' title='bbox 901 2625 1160 2675; x_wconf 85' lang='lat' dir='ltr'>subintegris,</span> <span class='ocrx_word' id='word_1_311' title='bbox 1201 2626 1355 2664; x_wconf 87' lang='lat' dir='ltr'>calcare</span> <span class='ocrx_word' id='word_1_312' title='bbox 1380 2624 1573 2673; x_wconf 87' lang='lat' dir='ltr'>longiori,</span> <span class='ocrx_word' id='word_1_313' title='bbox 1613 2622 1768 2672; x_wconf 86' lang='lat' dir='ltr'>stipulis</span> <span class='ocrx_word' id='word_1_314' title='bbox 1807 2621 1934 2660; x_wconf 88' lang='lat' dir='ltr'>minus</span> 
     </span>
     <span class='ocr_line' id='line_1_38' title="bbox 239 2681 1834 2735; baseline -0.007 -5"><span class='ocrx_word' id='word_1_315' title='bbox 239 2691 389 2730; x_wconf 85' lang='lat' dir='ltr'>divisis.</span> <span class='ocrx_word' id='word_1_316' title='bbox 416 2689 455 2728; x_wconf 93' lang='lat' dir='ltr'>V.</span> <span class='ocrx_word' id='word_1_317' title='bbox 480 2688 678 2727; x_wconf 80' lang='lat' dir='ltr'>calcarata</span> <span class='ocrx_word' id='word_1_318' title='bbox 707 2686 813 2724; x_wconf 88' lang='lat' dir='ltr'>foliis</span> <span class='ocrx_word' id='word_1_319' title='bbox 843 2685 1021 2735; x_wconf 84' lang='lat' dir='ltr'>angustis</span> <span class='ocrx_word' id='word_1_320' title='bbox 1046 2688 1085 2723; x_wconf 87' lang='lat' dir='ltr'>et</span> <span class='ocrx_word' id='word_1_321' title='bbox 1108 2685 1262 2724; x_wconf 84' lang='lat' dir='ltr'>calcare</span> <span class='ocrx_word' id='word_1_322' title='bbox 1287 2684 1430 2734; x_wconf 88' lang='lat' dir='ltr'>petalis</span> <span class='ocrx_word' id='word_1_323' title='bbox 1453 2683 1676 2733; x_wconf 84' lang='lat' dir='ltr'>aequilongo</span> <span class='ocrx_word' id='word_1_324' title='bbox 1701 2681 1834 2720; x_wconf 83' lang='lat' dir='ltr'>distat.</span> 
     </span>
    </p>
   </div>
   <div class='ocr_carea' id='block_1_9' title="bbox 237 2827 1932 2951">
    <p class='ocr_par' dir='ltr' id='par_1_13' title="bbox 237 2827 1932 2951">
     <span class='ocr_line' id='line_1_39' title="bbox 295 2827 1932 2890; baseline -0.007 -9"><span class='ocrx_word' id='word_1_325' title='bbox 295 2839 358 2882; x_wconf 91' lang='lat' dir='ltr'>V.</span> <span class='ocrx_word' id='word_1_326' title='bbox 376 2836 620 2880; x_wconf 84' lang='lat' dir='ltr'>dichroa</span> <span class='ocrx_word' id='word_1_327' title='bbox 647 2832 799 2890; x_wconf 84' lang='lat' dir='ltr'>(Boiss.</span> <span class='ocrx_word' id='word_1_328' title='bbox 830 2839 870 2874; x_wconf 86' lang='lat' dir='ltr'>et</span> <span class='ocrx_word' id='word_1_329' title='bbox 897 2830 1008 2874; x_wconf 83' lang='lat' dir='ltr'>Huet.</span> <span class='ocrx_word' id='word_1_330' title='bbox 1032 2830 1183 2888; x_wconf 84' lang='lat' dir='ltr'>Diagn.</span> <span class='ocrx_word' id='word_1_331' title='bbox 1216 2830 1306 2875; x_wconf 88' lang='lat' dir='ltr'>Ser.</span> <span class='ocrx_word' id='word_1_332' title='bbox 1338 2831 1392 2885; x_wconf 83' lang='grc' dir='ltr'>ΙΙ,</span> <span class='ocrx_word' id='word_1_333' title='bbox 1421 2830 1471 2885; x_wconf 90' lang='lat' dir='ltr'>V,</span> <span class='ocrx_word' id='word_1_334' title='bbox 1499 2844 1541 2888; x_wconf 93' lang='lat' dir='ltr'>p.</span> <span class='ocrx_word' id='word_1_335' title='bbox 1571 2828 1647 2887; x_wconf 76' lang='lat'>48)</span> <span class='ocrx_word' id='word_1_336' title='bbox 1684 2827 1932 2872; x_wconf 89' lang='lat' dir='ltr'>brevissime</span> 
     </span>
     <span class='ocr_line' id='line_1_40' title="bbox 237 2885 1930 2951; baseline -0.007 -11"><span class='ocrx_word' id='word_1_337' title='bbox 237 2897 412 2951; x_wconf 85' lang='lat' dir='ltr'>hirtula,</span> <span class='ocrx_word' id='word_1_338' title='bbox 440 2893 634 2938; x_wconf 90' lang='lat' dir='ltr'>caulibus</span> <span class='ocrx_word' id='word_1_339' title='bbox 660 2890 898 2949; x_wconf 86' lang='lat' dir='ltr'>cespitosis,</span> <span class='ocrx_word' id='word_1_340' title='bbox 927 2889 1038 2934; x_wconf 89' lang='lat' dir='ltr'>foliis</span> <span class='ocrx_word' id='word_1_341' title='bbox 1064 2890 1254 2934; x_wconf 82' lang='lat' dir='ltr'>obovatis</span> <span class='ocrx_word' id='word_1_342' title='bbox 1281 2889 1444 2934; x_wconf 87' lang='lat' dir='ltr'>obtusis</span> <span class='ocrx_word' id='word_1_343' title='bbox 1460 2888 1640 2945; x_wconf 85' lang='lat' dir='ltr'>integris</span> <span class='ocrx_word' id='word_1_344' title='bbox 1657 2888 1702 2931; x_wconf 91' lang='lat' dir='ltr'>in</span> <span class='ocrx_word' id='word_1_345' title='bbox 1727 2885 1930 2945; x_wconf 89' lang='lat' dir='ltr'>petiolum</span> 
     </span>
    </p>
   </div>
  </div>
 </body>
</html>
