2021 3235
936 176 1020 220 899

135 267 449 324 superantibus,
478 268 673 324 carpellis
700 268 823 312 hirtis
852 275 989 312 rostro
1017 269 1130 311 intus
1157 270 1207 312 ad
1237 270 1294 326 ²ss
1320 269 1596 325 longitudinis
1624 271 1753 313 dense
1782 279 1821 313 et

135 327 258 382 longe
285 326 462 369 barbato
488 327 727 384 quadruplo
761 327 1030 370 brevioribus
1068 335 1129 376 26.

194 396 293 434 Hab.
320 397 359 433 in
384 398 629 444 rupestribus
664 398 854 435 calcat-eis
893 397 1063 444 regionis
1100 401 1312 446 montanae,
1339 397 1451 434 vallis
1486 397 1637 446 Djoksu
1676 397 1823 437 Ciliciae

135 454 324 494 Tracheae
347 456 446 492 inter
470 456 670 493 Karaman
706 460 743 493 et
766 456 963 494 Ermenek
989 455 1200 507 (Heldr!)‚
1227 457 1381 494 Taurus
1408 456 1589 494 Cilicicus
1622 458 1671 495 ad
1703 458 1823 506 Pylas

136 514 316 553 Cilicicas
340 519 377 552 et
400 515 502 553 circa
535 514 664 553 Giilek
689 515 771 565 (Ky
806 527 889 553 exs.
915 513 1027 556 109!
1056 520 1090 553 et
1117 513 1198 555 90!
1233 515 1377 564 Ball),
1405 515 1542 553 Cilicia
1579 516 1753 555 Kurdica
1787 519 1824 555 in

136 574 281 612 ditione
304 574 459 612 Kassan
486 574 615 623 Oghlu
636 574 717 626 (Ky
743 575 882 623 Suppl.
908 574 997 616 255
1013 570 1059 629 ἒ),
1087 587 1205 623 rupes
1232 576 1371 613 montis
1396 575 1603 624 Ssoffdagh
1629 576 1825 614 Gataoniae

135 634 201 670 alt.
226 631 429 673 4-5000‘
461 634 636 684 (Haussk
652 627 714 684 l),
741 646 850 672 mons
874 635 1045 673 Amanus
1072 635 1108 671 in
1134 634 1249 683 Syria
1273 635 1423 673 boreali
1448 630 1527 689 (Ky
1553 646 1633 672 eXS.
1669 634 1776 674 124!
1792 636 1824 687 ),

135 692 308 732 Kurdice
330 691 584 732 Saoudschm
609 694 832 732 Tchitclwck
857 695 895 732 id
922 699 981 733 est
1003 695 1135 742 planta
1160 699 1296 732 contra
1320 705 1485 731 vermes.
1512 694 1571 731 Fl.
1596 695 1713 733 Julio.

194 761 355 809 Species
379 762 642 810 pulcherrima
662 764 773 801 caule
797 761 874 802 1-2
899 763 1042 812 pedali,
1069 763 1230 800 floribus
1263 763 1426 810 magnis,
1454 763 1673 810 petalorum
1698 764 1825 801 forma

136 822 298 860 sectioni
323 820 590 861 Jenkz‘nsoniae
615 823 918 860 adnumeranda.
932 822 1024 860 Sola
1040 822 1195 870 generis
1213 822 1425 859 vastissimi
1446 823 1483 859 in
1501 821 1619 860 Flora
1638 822 1827 861 Orientali

135 881 231 918 civis
255 882 324 919 sed
350 883 387 918 in
412 882 682 930 hemisphaerio
715 883 863 920 boreali
902 883 1043 920 adsunt
1066 882 1261 919 nonnullae
1291 882 1446 930 species
1476 881 1723 929 Abyssinicae
1749 883 1829 920 rhi-

134 943 287 977 zomate
312 953 475 979 carnoso
494 946 532 978 et
549 941 648 979 facie
669 942 816 979 similes
837 942 1014 990 quamvis
1039 943 1089 979 ob
1119 941 1250 989 petala
1272 941 1516 989 subaequalia
1539 942 1827 979 diversissimae.

663 1104 738 1147 ΤΒ.
776 1104 830 1147 11.
869 1104 1298 1147 BIEBERSTEINIAE.

195 1234 392 1279 Ovarium
430 1244 591 1281 erostre
632 1238 972 1295 quinquelobum
1001 1237 1119 1295 stylis
1154 1237 1364 1281 distinctis
1391 1252 1413 1280 a
1447 1238 1620 1281 basibus
1647 1238 1828 1282 internis

138 1295 423 1350 carpellorum
450 1296 667 1349 oriundis,
706 1297 975 1353 stigmatibus
1012 1295 1220 1353 capitatis.
1268 1296 1412 1339 Loculi
1447 1297 1696 1354 uniovulati.
1727 1297 1828 1340 Car-

137 1352 246 1408 pella
272 1361 440 1397 matura
466 1354 779 1398 indehiscentia
805 1357 858 1399 ab
891 1355 956 1398 axi
984 1355 1240 1398 secedentia.
1281 1354 1434 1398 Semen
1462 1354 1680 1399 albumine
1707 1357 1824 1399 tenui

136 1411 458 1455 subunilaterali
493 1413 766 1467 instructum,
796 1415 1063 1471 cotyledones
1083 1415 1236 1470 planae.

790 1581 1183 1630 BlEBERSTElNlA

462 1664 629 1725 (Steph.
665 1665 705 1712 in
736 1665 852 1712 Mem.
889 1665 1016 1725 Mosq.
1056 1665 1096 1721 l,
1131 1678 1168 1724 p.
1208 1663 1279 1721 89,
1313 1662 1393 1710 tab.
1429 1662 1496 1722 9).

208 1817 353 1862 Flores
382 1820 613 1874 regulares.
650 1817 799 1876 Sepala
835 1817 861 1861 5
895 1816 1133 1869 imbricata,
1163 1817 1383 1861 fructifera
1416 1824 1596 1862 acereta.
1629 1817 1771 1861 Petala
1797 1817 1824 1860 5

135 1876 358 1934 hypogyna
385 1877 625 1920 imbricata.
656 1877 873 1920 Glandulae
896 1875 922 1918 5
950 1889 1140 1919 carnosae
1168 1877 1317 1933 petalis
1344 1878 1533 1920 alternae.
1554 1875 1740 1919 Stamina
1769 1876 1823 1919 10

133 1935 276 1978 omnia
304 1936 563 1979 antherisera
588 1935 679 1979 basi
706 1935 750 1978 in
778 1935 983 1978 annulum
1010 1934 1197 1978 breviter
1224 1943 1420 1978 connata.
1451 1934 1600 1978 Ovaria
1627 1934 1653 1977 5
1687 1949 1821 1993 gyno-

133 1993 269 2050 phoro
294 1994 412 2037 brevi
440 2009 463 2037 a
495 1994 584 2038 basi
613 1995 665 2038 ad
695 1994 883 2037 medium
910 1993 1055 2046 affixa,
1084 1995 1256 2036 ovulurn
1293 2008 1315 2037 e
1351 1993 1541 2037 funiculo
1568 1993 1685 2037 brevi
1712 1994 1823 2036 infra

134 2052 296 2108 apicem
329 2053 456 2096 loculi
489 2053 724 2110 pendulum
766 2060 1036 2108 anatropum.
1075 2051 1266 2109 Carpella
1307 2059 1525 2095 crustacea
1566 2066 1737 2108 rugosa.
1767 2079 1824 2083 --

134 2110 287 2154 Herbae
313 2125 523 2168 perennes
558 2112 845 2168 glandulosae,
873 2111 985 2153 foliis
1026 2110 1236 2167 stipulatis
1280 2110 1600 2168 pinnatisectis,
1642 2111 1823 2154 floribus

133 2169 385 2225 paniculatis
411 2171 473 2213 vel
501 2169 687 2227 spicatis.

204 2318 262 2361 B.
310 2317 609 2362 multifida
651 2316 744 2373 (DC.
785 2315 933 2358 Prodr.
975 2315 1008 2368 Ι,
1049 2329 1089 2371 p.
1127 2312 1230 2371 708)
1260 2314 1402 2357 radice
1439 2317 1582 2357 crassa
1622 2314 1822 2357 tuberosa

132 2375 252 2432 apice
276 2375 583 2432 pleiocephala,
612 2376 730 2418 caule
758 2388 901 2418 crasso
933 2374 1093 2417 sulcato
1119 2373 1369 2428 glanduloso
1397 2386 1525 2429 supra
1546 2372 1667 2416 basin
1694 2387 1821 2429 squa-

133 2447 295 2477 mosam
323 2434 465 2477 foliato
493 2447 676 2491 superne
704 2446 873 2476 ramoso
899 2431 1140 2489 paniculato
1160 2431 1409 2484 multifloro,
1428 2431 1538 2474 foliis
1556 2431 1719 2474 ambitu
1739 2432 1823 2473 lan-

132 2492 304 2535 ceolatis
331 2492 453 2535 hirtis
482 2506 607 2549 parce
634 2490 896 2548 glandulosis
922 2490 986 2534 bis
1013 2491 1075 2533 vel
1102 2496 1167 2533 ter
1193 2489 1485 2545 pinnatisectis
1501 2489 1667 2532 laciniis
1694 2490 1822 2532 linea-

133 2550 251 2593 ribus
279 2551 477 2594 tenuibus
503 2550 656 2602 acutis‚
686 2550 868 2593 bracteis
896 2549 1042 2592 incisis
1068 2549 1133 2591 vel
1162 2547 1439 2604 pinnatifidis,
1471 2547 1686 2604 pedicellis
1704 2549 1822 2591 brac-

131 2609 297 2652 teolatis
324 2610 465 2667 calyce
501 2608 867 2665 sublougioribus,
897 2607 1049 2664 sepalis
1076 2606 1419 2662 ovato-oblongis
1446 2606 1569 2649 hirtis
1596 2607 1818 2663 glandulo-

133 2667 274 2725 sisque
301 2667 463 2710 obtusis
490 2669 553 2710 vel
581 2667 869 2719 acutiusculis‚
900 2665 1048 2722 petalis
1076 2664 1471 2721 oblongo-cunealis
1499 2665 1617 2721 apice
1644 2664 1822 2721 integris

133 2727 196 2769 vel
223 2726 492 2769 denticulatis
520 2725 649 2783 calyci
679 2724 1027 2782 subaequilongis,
1049 2723 1276 2767 filamentis
1293 2736 1421 2779 supra
1439 2724 1645 2765 annulum
1663 2723 1820 2766 sensim

133 2784 361 2827 attenuatis
388 2784 553 2827 inferne
582 2783 733 2826 ciliatis
761 2782 966 2832 zataub.
998 2791 1038 2825 et
1064 2782 1132 2838 Sp.
1166 2782 1226 2824 Ill.
1257 2782 1313 2837 pl.
1344 2780 1413 2824 Or.
1445 2781 1499 2834 Il,
1529 2795 1569 2838 p.
1601 2781 1702 2833 lia,
1732 2781 1817 2824 tab.

132 2841 235 2885 191.
266 2842 318 2885 Β.
341 2842 527 2885 Aucheri
551 2842 589 2884 J.
621 2848 661 2884 et
687 2841 713 2884 S
750 2843 859 2885 .loc.
893 2839 961 2883 cit.
994 2854 1035 2897 p.
1069 2840 1170 2893 ΜΟ,
1202 2839 1286 2882 tab.
1318 2838 1417 2882 190.
1442 2839 1494 2881 B.
1518 2840 1820 2896 brachypelala

131 2900 168 2942 J.
200 2908 241 2943 et
264 2899 335 2957 Sp.
365 2901 446 2943 loc.
477 2900 548 2943 cit.
579 2914 620 2956 p.
655 2900 721 2942 ll.
749 2936 758 2954 ,
787 2900 873 2943 tab.
905 2898 989 2941 192
1016 2906 1057 2941 et
1089 2899 1140 2941 B.
1170 2898 1374 2955 ambiyua
1398 2897 1435 2940 J.
1467 2904 1508 2940 et
1534 2897 1602 2954 Sp.
1634 2899 1714 2941 loc.
1746 2897 1818 2940 cit.
