2021 3235
859 133 942 179 587

59 240 408 293 membranaceis,
450 240 667 284 fructifero
703 241 1088 298 oblongo-clavato,
1128 240 1284 283 lamina
1325 239 1489 282 minuta
1532 240 1747 295 purpurea

58 306 232 356 anguste
259 299 606 342 lineari-cuneata
632 302 789 352 retusa,
820 313 989 343 coronae
1007 297 1170 342 laciniis
1188 297 1629 354 oblongo-linearibus
1652 311 1747 339 acu-

58 358 125 412 iis,
168 358 338 414 capsula
364 361 481 401 ovata
510 358 777 415 carpophoro
806 358 1015 415 subtriplo
1043 357 1260 414 longiore,
1305 356 1542 400 seminibus
1581 354 1745 410 rugosis

59 417 184 460 dorso
212 416 501 459 canaliculatis
532 422 596 468 Θ,

115 488 213 526 Hah.
241 487 279 525 in
302 487 425 536 Syriae
441 488 563 536 agris,
588 488 637 526 ad
661 488 814 537 Aleppo
839 488 921 538 (Ky
945 501 1026 526 exs.
1057 487 1142 528 115
1172 488 1243 526 sub
1267 487 1295 526 S
1333 487 1539 535 echinata),
1564 487 1611 524 ad
1638 485 1747 523 Sido·

58 559 143 585 nem
170 542 288 603 (Gaill
304 545 340 599 1).

115 615 327 654 Pedunculi
353 617 473 654 crassi
500 617 641 655 lineam
665 617 863 655 dimidiam
891 618 1008 666 longi.

114 751 165 796 S.
184 752 514 808 qonocalyx
542 750 693 807 (Boiss.
726 750 876 806 Diagn.
907 751 997 794 Ser.
1031 752 1063 804 l,
1092 752 1203 804 Vlll,
1235 766 1274 807 p.
1296 750 1368 799 38)
1398 750 1589 793 elevatim
1619 764 1749 807 punc-

58 816 140 853 tata
168 810 245 853 sub
272 810 382 852 lente
412 809 668 862 scabridula,
699 823 721 852 a
749 809 838 852 basi
860 810 1098 853 alternatim
1118 818 1154 854 et
1174 810 1417 853 dichotome
1438 808 1746 862 ramosissima,

57 868 166 912 foliis
193 868 316 912 infer.
347 868 807 926 oblongo-spathulatis
834 869 1129 925 superioribus
1157 869 1402 912 lanceolatis
1429 867 1564 911 acutis
1581 904 1590 920 ,
1632 868 1748 910 llori-

57 927 135 970 bus
161 927 460 971 subsessilibus
489 927 676 970 alaribus
704 934 744 969 et
771 927 820 969 ad
852 942 992 970 ramos
1019 942 1243 985 supremos
1270 927 1419 970 breves
1438 925 1510 970 3-5
1528 926 1747 979 consertis,

59 986 198 1043 calyce
234 985 386 1029 virenti
420 986 549 1029 dense
587 992 627 1029 et
662 985 848 1028 breviter
884 986 1148 1029 scaberrimo
1185 986 1385 1029 dentibus
1421 985 1552 1029 ovalis
1588 985 1751 1028 obtusis

58 1044 247 1088 florifero
274 1044 506 1103 cylindrico
541 1044 761 1088 fructifero
796 1045 953 1088 clavato
991 1045 1185 1088 elevatim
1222 1052 1401 1097 costato,
1446 1043 1600 1087 lamina
1630 1047 1750 1087 rosea

59 1103 445 1159 obovato-oblonga
472 1103 655 1159 integra,
685 1117 854 1147 coronae
882 1104 1047 1147 laciniis
1075 1104 1226 1157 acutis,
1255 1104 1425 1160 capsula
1454 1106 1573 1146 ovata
1601 1116 1750 1159 carpo-

60 1162 195 1219 phoro
235 1176 378 1205 crasso
419 1163 547 1219 duplo
591 1161 799 1217 longiore,
843 1163 1078 1206 seminibus
1121 1162 1289 1219 rugosis
1331 1162 1436 1206 facie
1477 1161 1751 1219 depressione

59 1220 281 1264 auriformi
308 1220 463 1263 notatis
490 1221 616 1264 dorso
644 1220 934 1265 canaliculatis
963 1228 1027 1274 Θ.

116 1292 217 1331 Hab.
243 1293 281 1330 In
317 1292 432 1341 Syria
468 1293 517 1330 ad
552 1293 698 1331 Aintab
724 1287 874 1347 (Auch.
911 1305 992 1332 exs.
1030 1285 1198 1341 429!),
1225 1293 1274 1331 ad
1300 1292 1456 1341 Aleppo
1483 1295 1522 1331 et
1546 1291 1750 1341 Biredjick

57 1351 296 1402 (Hausskl),
325 1352 375 1390 ad
400 1352 553 1401 Tripoli
579 1351 775 1402 (Boiss!)‚
815 1354 850 1390 in
893 1353 1044 1392 Libano
1081 1358 1119 1391 et
1148 1353 1376 1391 Antilibano
1402 1350 1493 1402 (ΒΗ
1523 1350 1656 1390 Gaill!
1686 1351 1751 1400 Ky

59 1423 139 1450 exs.
165 1409 306 1461 27ot),
334 1412 371 1449 in
396 1412 606 1450 Palaestina
628 1412 676 1450 ad
698 1412 1013 1461 Hierosolymam
1039 1410 1160 1466 (Roth
1177 1404 1186 1450 l
1203 1413 1231 1464 ).
1259 1412 1321 1451 Fi.
1350 1423 1455 1450 vere.

117 1479 256 1517 Planta
281 1475 375 1532 ¹s2-
392 1477 412 1517 1
431 1475 491 1533 ¹s2
514 1476 682 1528 pedalis.
707 1478 830 1528 calyx
855 1478 884 1519 4
909 1480 974 1518 lin.
1002 1481 1160 1529 longus,
1196 1479 1486 1518 inflorescentia
1521 1479 1583 1517 vel
1620 1478 1751 1517 dicho-

58 1542 163 1577 toma
185 1551 346 1587 cymosa
371 1540 433 1577 vel
457 1539 597 1588 saepius
622 1539 746 1588 cymis
779 1540 990 1578 contractis
1024 1540 1073 1577 ad
1106 1551 1238 1578 ramos
1277 1541 1454 1577 alternos
1478 1539 1751 1578 terminalibus

59 1598 292 1647 paniculatis
324 1602 522 1637 constans.

115 1743 166 1788 S.
185 1744 481 1800 papillosa
508 1744 658 1799 (Boiss.
690 1745 839 1800 Diagn.
869 1744 960 1787 Ser.
986 1745 1018 1797 l,
1051 1745 1081 1797 l,
1114 1759 1151 1801 p.
1174 1744 1249 1801 39)
1280 1745 1464 1788 breviter
1491 1744 1623 1794 hirta,
1655 1758 1754 1786 cau-

58 1801 169 1845 libus
196 1802 459 1845 divaricatim
487 1803 739 1846 dichotomis
774 1803 989 1861 ramisque
1023 1803 1198 1859 virgatis
1237 1803 1490 1846 internodiis
1527 1802 1752 1857 elongatis,

58 1861 167 1904 foliis
195 1860 319 1904 inser.
350 1862 807 1917 oblongo-lanceolatis
835 1862 999 1906 caeteris
1026 1863 1262 1905 lanceolalo
1282 1862 1578 1915 -linearibus,
1623 1862 1754 1904 flora-

58 1919 166 1963 libus
194 1921 319 1964 flores
346 1920 663 1976 superantibus,
693 1921 871 1963 floribus
899 1921 1204 1964 subsessilibus
1233 1921 1420 1964 alaribus
1450 1928 1486 1962 ot
1518 1920 1755 1963 terminali-

61 1978 156 2031 bus,
187 1980 329 2037 calyce
359 1980 408 2021 ad
437 1992 589 2022 nervos
617 1979 771 2022 virides
799 1980 964 2037 papillis
992 1979 1129 2036 longis
1158 1980 1373 2023 undulatis
1401 1980 1599 2022 mollibus
1617 1990 1757 2022 setoso

59 2051 81 2080 e
100 2036 186 2079 basi
208 2037 451 2080 umbilicata
470 2037 702 2095 cylindrico
730 2038 929 2081 (lentibus
956 2039 1163 2094 elongatis
1190 2039 1434 2082 lanceolalis
1463 2038 1616 2091 acutis,
1646 2038 1757 2080 sruc-

62 2095 186 2138 tifero
214 2096 585 2151 oblongo—clavato
604 2131 613 2149 ,
644 2096 799 2139 lamina
827 2100 951 2140 rosea
978 2098 1171 2153 elongata
1199 2101 1377 2140 cuneata
1405 2097 1668 2140 divaricatim
1699 2096 1758 2138 bi-

59 2154 172 2206 loba,
201 2168 370 2197 coronae
399 2155 561 2197 laciniis
588 2155 783 2211 oblongis
811 2156 1030 2208 brevibus,
1059 2157 1231 2213 capsula
1259 2156 1443 2211 oblonga
1471 2158 1596 2199 acuta
1612 2169 1758 2212 carpo-

60 2213 195 2270 phoro
223 2213 436 2270 subduplo
465 2214 674 2269 longiore,
705 2214 940 2257 seminibus
949 2248 1036 2258 .....
1075 2221 1139 2266 Q).

117 2284 217 2322 Hab.
245 2284 280 2321 in
306 2282 421 2322 Caria
443 2285 583 2335 (Aucli.
604 2296 688 2323 exs.
715 2280 861 2339 4851).
887 2285 1120 2334 Pamphylia
1144 2286 1195 2324 ad
1212 2286 1431 2324 Kourmalu
1457 2298 1580 2335 prope
1608 2286 1752 2324 Adalia

59 2342 98 2380 in
123 2344 289 2382 collibus
314 2350 351 2382 et
376 2344 425 2382 ad
450 2348 641 2393 promont.
670 2344 798 2394 Alaya
831 2339 999 2395 (Heldr!
1015 2346 1048 2394 ),
1077 2346 1114 2383 in
1140 2345 1280 2385 Cilicia
1304 2346 1351 2384 ad
1387 2345 1607 2385 Guzeldere
1632 2357 1757 2394 prope

60 2401 231 2441 Mersina
255 2402 342 2454 (Bal
360 2403 369 2442 3
390 2403 418 2454 ).

118 2469 236 2508 Facie
258 2473 295 2508 et
319 2471 489 2509 charact.
517 2470 630 2509 valde
656 2471 782 2509 affinis
807 2471 846 2510 S.
874 2472 1091 2522 Crassipedi
1108 2472 1177 2510 sed
1203 2472 1501 2511 distinctissima
1526 2472 1675 2521 calycis
1694 2473 1757 2510 in-

59 2528 240 2568 dumento
264 2532 302 2567 et
326 2530 498 2568 dentium
524 2530 659 2579 forma,
690 2531 833 2569 lamina
859 2532 982 2579 magis
1007 2532 1162 2569 exserta
1187 2532 1378 2579 piofunde
1402 2532 1552 2571 biloba.

117 2684 168 2728 S.
200 2684 591 2742 laqenocalyx
633 2687 782 2742 (Fenzl
811 2688 853 2730 in
882 2688 940 2745 ΚΥ
971 2689 1025 2744 pl.
1060 2688 1176 2730 Pers.
1208 2694 1338 2730 austr.
1385 2685 1526 2743 1845)
1573 2687 1758 2743 crispule

64 2742 237 2796 hirlula,
267 2744 386 2786 caule
414 2743 676 2787 divaricatim
707 2745 968 2799 dichotomo,
998 2746 1108 2789 foliis
1136 2746 1258 2789 infer.
1298 2744 1758 2802 oblongo-spathulatis

65 2801 230 2845 caeteris
272 2802 726 2858 oblongo-lanceolatis
768 2805 918 2858 acutis,
962 2805 1182 2848 floralibus
1224 2806 1349 2847 llores
1386 2803 1756 2861 subaequantibus,

63 2860 242 2903 floribus
271 2860 456 2903 breviter
482 2863 778 2918 prdiinculatis
814 2863 1006 2907 inferiori
1042 2863 1145 2906 alai-i
1181 2862 1345 2906 centoris
1383 2863 1470 2905 laxe
1508 2862 1756 2915 racemosis,

63 2919 202 2975 calyce
231 2918 352 2961 viridi
373 2919 563 2962 -lineato
592 2921 772 2977 sparsim
802 2928 842 2965 et
868 2922 1052 2965 molliter
1080 2922 1246 2965 hirsuto
1273 2921 1472 2965 dentibus
1511 2920 1758 2964 lanceolatis
