2021 3235
857 158 942 202 423

62 252 178 309 apice
205 254 419 295 attenuata
460 250 654 306 stigmate
691 249 840 292 obtuse
869 248 1062 304 trigono,
1093 251 1253 293 semine
1288 254 1650 297 ovato-reniformi
1683 257 1736 310 Q)

60 311 122 353 vel
159 311 229 360 36⁶?
258 309 326 353 Gt.
355 309 525 365 fulvum
552 307 683 351 Boiss.
714 307 769 364 pl.
792 321 877 350 exs.
909 321 953 349 ex
984 307 1052 350 As.
1086 308 1188 351 min.
1220 322 1305 351 non
1323 309 1408 352 Sm.

119 381 219 419 Hab.
244 380 282 417 in
321 380 484 418 collibus
517 379 632 417 siccis
666 382 703 415 et
731 378 890 426 regione
915 379 1096 416 montana
1130 379 1317 417 Anatoliae
1352 381 1388 417 in
1432 386 1561 420 monte
1597 384 1736 421 Tmolo

62 439 198 488 Lydiae
223 431 418 492 (Boissl),
447 434 562 476 Caria
586 430 811 490 (Pinardl).
838 437 1039 485 Lycaonia
1070 438 1119 475 ad
1146 439 1271 475 lacum
1298 440 1502 487 Beychehr
1528 439 1667 493 (Heldr
1685 440 1736 494 l),

63 498 312 547 Cappadocia
336 492 496 552 (Ball),
525 497 660 535 Cilicia
684 492 799 549 (Ball
826 492 936 548 Kyt)
954 526 963 540 ‚
987 496 1100 544 Syria
1133 493 1276 550 (Auch.
1300 509 1381 535 exs.
1418 493 1553 553 582l)
1574 530 1581 549 ‚
1610 502 1645 537 in
1673 501 1735 537 Li-

63 558 164 596 bam
200 558 250 595 ad
286 557 395 594 Eden
437 560 475 594 et
505 556 732 594 Antilibano
770 548 853 609 (ΒΗ
894 554 1021 594 Gaill!
1060 551 1136 606 Ky.
1172 567 1253 593 exe.
1297 554 1444 611 825')‚
1486 560 1619 596 Persia
1654 560 1736 597 bor.

65 610 271 669 (Buhsel).
297 616 358 653 Fl.
383 618 464 653 aest.

123 684 292 722 Ulterius
332 683 617 722 observandum
653 695 703 720 an
736 683 786 720 sit
819 695 900 720 var.
937 681 982 722 G.
1018 684 1113 721 lutei
1150 684 1219 720 sed
1247 687 1384 731 praeter
1409 690 1520 723 notas
1549 686 1738 724 indicatas

64 744 195 782 caules
219 744 415 781 tenuiores
432 746 522 780 sunt
538 753 639 790 saepe
657 742 833 789 tortuosi,
855 741 949 780 folia
965 743 1170 792 superiora
1193 740 1353 790 minora,
1376 744 1525 792 siliquae
1544 745 1739 782 tenuiores

65 806 102 841 et
125 803 226 841 inter
248 802 395 840 semina
417 813 520 850 saepe
544 802 837 839 subattenuatae.

124 956 184 999 G.
219 955 538 1010 oxylobum
567 953 719 1010 (Boiss.
757 960 798 996 et
830 953 966 996 Buhse
994 954 1112 996 Aut'z.
1144 969 1183 1011 p.
1217 955 1287 1007 w,
1328 956 1412 999 tab.
1453 956 1497 1013 5)
1537 956 1741 1012 glabrius-

67 1014 225 1065 culum,
260 1013 371 1056 soliis
412 1012 864 1069 pinnatisecto-lyratis
898 1013 1127 1068 segmentis
1162 1012 1320 1056 dissitis
1355 1014 1549 1070 oblongis
1585 1014 1740 1057 acutis-

64 1072 169 1114 sime
197 1071 378 1115 dentatis
410 1070 622 1113 terminali
655 1070 827 1124 trilobo‚
857 1070 1152 1127 superioribus
1184 1072 1314 1115 ovatis
1352 1072 1740 1128 cordato-amplexi-

65 1129 255 1172 caulibus
298 1136 418 1172 acute
458 1129 662 1182 dentatis,
706 1128 858 1185 sepalis
899 1129 1084 1184 glabris,
1126 1129 1275 1187 petalis
1316 1131 1528 1187 puniceis,
1579 1130 1741 1187 siliquis

68 1187 351 1245 (junioribus)
379 1187 628 1244 parcissime
656 1194 696 1229 et
726 1194 887 1230 remote
917 1188 1191 1231 tuberculatis
1219 1189 1336 1245 apice
1364 1189 1616 1242 attenuatis,
1646 1188 1741 1243 stig-

67 1254 177 1289 mate
205 1247 288 1289 lato
314 1253 435 1289 acute
462 1245 902 1302 hastato-triangulari
930 1247 999 1302 (2)-

124 1318 227 1355 Hab.
255 1318 292 1355 in
312 1317 411 1366 'jugo
437 1317 614 1355 orientali
642 1317 781 1354 montis
806 1317 948 1356 Elbrus
965 1329 1087 1366 prope
1107 1318 1296 1356 Radkann
1324 1315 1470 1371 (Buhse
1488 1315 1534 1371 !).

126 1386 289 1433 Pedale,
316 1399 340 1424 a
363 1386 512 1423 duobus
536 1385 846 1433 praecedentibus
871 1386 1073 1434 glabritie,
1106 1387 1236 1424 radice
1268 1387 1418 1435 annua,
1442 1387 1545 1424 foliis
1579 1387 1743 1424 tenuiter

67 1446 372 1484 membranaceis
397 1445 608 1493 segmentis
634 1445 794 1483 remotis
816 1446 966 1484 acutius
991 1446 1172 1495 dentatis,
1194 1446 1384 1494 stigmatis
1401 1446 1501 1484 lobis
1522 1446 1644 1484 acutis
1667 1445 1740 1482 dis-

67 1505 242 1543 tinctum.

500 1646 524 1669 ÷÷
555 1646 578 1668 a
611 1646 634 1669 ὓ
667 1646 852 1686 Ovarium
872 1648 968 1686 laeve
992 1648 1182 1697 glabrum.

127 1767 189 1811 G.
223 1768 560 1812 vitellinum
589 1766 741 1823 (Boiss.
774 1774 814 1810 et
840 1767 977 1810 Buhse
1005 1768 1124 1810 Ausz.
1155 1782 1196 1824 p.
1228 1766 1298 1819 12,
1328 1767 1412 1809 tab.
1441 1766 1485 1822 4)
1520 1765 1743 1822 papilloso-

69 1825 295 1878 scabrum,
334 1825 442 1868 foliis
479 1825 736 1869 radicalibus
762 1825 1095 1883 pinnatiparlitis
1136 1825 1298 1868 laciniis
1339 1823 1532 1879 oblongis
1559 1824 1744 1866 sinuato-

69 1883 221 1926 lobatis
248 1883 355 1927 lobis
374 1884 652 1936 mucronatis‚
682 1884 862 1927 caulinis
879 1884 1056 1927 minutis
1083 1883 1455 1940 amplexicaulibus
1483 1881 1747 1937 triangulari-

70 1941 263 1997 oblongis
305 1942 437 1985 acutis
479 1942 877 1995 sinuato-dentatis,
921 1943 1070 1999 petalis
1104 1942 1322 1994 vitellinis,
1361 1941 1513 1997 siliqua
1542 1939 1744 1995 (juniori)

69 2000 331 2056 longiuscule
357 2001 642 2058 pedunculata
668 2001 759 2044 laevi
786 2002 931 2058 glabra
958 2003 1027 2057 Θ.

127 2072 226 2110 Hab.
254 2072 292 2109 in
318 2073 511 2111 montibus
534 2084 657 2121 prope
681 2072 789 2110 Yezd
813 2073 956 2110 Persiae
980 2072 1179 2110 orientalis
1206 2068 1351 2124 (Buhse
1366 2067 1415 2124 l).
1439 2071 1496 2108 Fl.
1516 2069 1643 2117 aprili.

127 2139 271 2176 Habitu
289 2142 327 2176 et
349 2138 511 2177 floribus
541 2137 602 2178 Gl.
629 2137 730 2182 flavo
754 2139 869 2177 affine
894 2139 1022 2177 differt
1056 2139 1188 2177 ovario
1222 2138 1446 2176 laevissimo.
1486 2135 1633 2185 Siliqua
1671 2147 1746 2172 ma-

71 2200 156 2235 tura
175 2198 321 2246 ignota.

129 2352 190 2397 G.
220 2352 686 2408 Cappadocicum
713 2354 862 2409 (Boiss.
884 2353 992 2396 Ann.
1022 2352 1086 2395 Sc.
1118 2352 1208 2394 Nat.
1234 2350 1338 2393 1841
1364 2365 1404 2407 p.
1435 2346 1538 2405 375)
1567 2346 1748 2411 tenuiter

71 2410 326 2467 puberulum
349 2447 358 2465 ‚
407 2411 518 2455 soliis
569 2412 826 2455 radicalibus
868 2409 1305 2455 obovato-runcinatis
1355 2407 1462 2451 lobis
1506 2405 1748 2449 lateralibus

72 2469 271 2526 utrinque
299 2468 376 2513 9-53
401 2470 543 2527 parvis
569 2470 904 2527 triangularibus
946 2468 1122 2526 integris
1165 2466 1373 2511 terminali
1407 2465 1587 2508 maximo
1629 2470 1747 2528 ovato

73 2526 220 2571 obtuse
253 2528 420 2580 lobato‚
463 2528 575 2572 foliis
616 2528 911 2586 superioribus
953 2527 1141 2571 minimis
1183 2522 1748 2579 cordato-amplexicaulibus

72 2585 220 2686 pbtuse
248 2586 450 2641 crematis,
480 2587 633 2644 sepalis
660 2588 835 2644 glabris,
864 2586 1013 2644 petalis
1041 2586 1181 2638 luteis,
1211 2585 1363 2641 siliqua
1391 2581 1585 2639 (juniori)
1604 2580 1748 2636 glabra

89 2658 163 2687 aevi
254 2679 261 2686 .

132 2646 245 2746 Ηειῗ.)
256 2708 293 2745 in
320 2707 572 2757 Cappadocia
589 2709 637 2747 ad
664 2709 901 2757 Euphratem
928 2705 1070 2761 (Auch.
1098 2718 1179 2744 exs.
1200 2698 1347 2758 585l).

132 2775 244 2813 Folia
268 2777 455 2814 radicalia
479 2789 562 2815 cum
590 2777 733 2825 petiolo
757 2775 833 2816 6-8
864 2777 956 2825 poll.
989 2776 1119 2823 longa,
1145 2774 1216 2811 flos
1240 2772 1395 2819 magnit,
1426 2770 1465 2807 G.
1493 2769 1600 2811 lutri,
1630 2767 1747 2805 caulis

77 2834 181 2872 laevis
203 2835 355 2873 albidus
384 2837 516 2875 stricte
542 2848 729 2874 ramosus.
755 2837 857 2874 Male
886 2840 1018 2873 notum
1042 2834 1111 2872 sed
1143 2835 1191 2872 ab
1226 2832 1400 2871 omnibus
1426 2830 1603 2867 foliorum
1627 2826 1748 2864 forma

77 2893 298 2933 distinctum
323 2895 488 2934 videtur.
