2021 3235
909 111 994 155 ⁶225

108 202 301 259 integris,
336 201 541 258 pedicello
568 201 708 258 calyce
736 201 1019 257 sublongiori‚
1062 203 1210 258 petalis
1239 203 1372 246 roseis
1400 204 1792 248 obovato-euneatis

111 263 250 319 calyce
268 260 294 303 2
309 261 362 317 ¹l2
380 262 447 316 plo
463 259 745 316 longioribus,
777 260 939 316 siliquis
958 260 1183 316 hispidulis
1202 261 1406 304 teretibus
1426 262 1567 315 rectis,
1598 263 1791 315 stigmate

111 319 327 363 subsessili
354 316 567 372 truncato,
596 318 771 361 valvulis
798 331 882 361 non
911 318 1129 374 septulatis
1160 325 1226 370 Q.
1273 319 1357 362 Sis.
1388 316 1794 376 eonem-{ruptamtum

109 377 318 435 C.A.Mey.
349 379 428 420 loc.
459 377 529 420 cit.
562 391 601 433 p.
634 376 732 419 190.
764 377 850 419 Sis.
881 376 1055 431 Meyeri.
1088 376 1189 419 Led.
1222 377 1280 418 Fl.
1313 378 1431 420 Ross.
1468 378 1499 431 l,
1529 392 1570 434 p.
1603 378 1701 421 1184.

168 448 266 486 Hab.
288 448 327 484 in
349 446 665 485 Transcaucasia
689 447 738 483 ad
760 446 871 483 Baku
896 442 1159 497 (C.A.Meyt)'.
1184 446 1222 482 in
1245 447 1387 494 apricis
1419 451 1525 484 trans
1549 447 1719 485 Araxem
1743 448 1793 484 ad

112 518 262 545 amnem
287 507 443 544 Karasu
467 500 619 556 (Szowl
640 506 667 553 ).

171 573 283 611 Folia
306 573 643 623 sesquipollicaria
665 570 694 611 2
716 573 838 610 lineas
862 573 956 621 lata,
986 573 1118 620 petala
1142 574 1197 610 eis
1218 573 1478 620 praecedentis
1502 573 1618 620 paulo
1645 575 1794 623 majora

112 632 140 673 5
162 633 229 671 lin.
254 634 394 682 longa,
420 634 570 681 siliquae
603 633 815 680 pollicares
858 632 917 668 vel
953 631 1226 678 sublongiores
1265 632 1458 679 pedieello
1499 644 1567 670 suo
1607 635 1799 671 subcras-

114 704 270 731 siores..

173 815 242 858 M.
269 814 539 858 torulosa
567 813 693 868 (Dess.
724 811 803 855 Atl.
838 810 891 862 ll,
922 824 962 866 p.
993 810 1050 853 84
1078 811 1162 853 tab.
1193 811 1277 853 159
1306 812 1383 854 sub
1412 812 1669 869 Sisymbrio)
1704 812 1799 868 pilis

117 871 296 915 ramosis
339 871 523 927 setisque
563 870 717 929 patulis
759 868 942 925 hispida,
986 869 1097 911 foliis
1131 870 1584 925 oblongo-lanceolatis
1612 870 1801 925 angustis

117 930 251 973 acutis
278 938 398 973 acute
425 930 607 973 dentatis
631 929 694 972 vel
721 926 966 986 pectinatim
985 927 1264 984 pinnatifidis‚
1286 928 1463 971 floribus
1481 928 1797 980 subsessilibus,

117 988 265 1045 petalis
292 988 433 1044 parvis
466 988 571 1031 albis
609 985 992 1041 lineari-oblongis,
1035 985 1200 1042 siliquis
1242 986 1426 1028 breviter
1458 986 1802 1029 hirto-scabridis

117 1046 317 1089 tenuibus
346 1046 545 1090 torulosis
573 1045 728 1090 strictis
755 1045 818 1087 vel
845 1043 1138 1097 subrecurvis,
1184 1044 1377 1100 stigmate
1410 1044 1526 1086 brevi
1554 1045 1704 1088 obtuso
1734 1058 1800 1086 re-

119 1111 213 1147 tuso
256 1110 323 1156 Θ.
367 1105 565 1161 Ηεερθνί3
590 1103 875 1161 αηφιιειέίοίία
902 1115 969 1145 DC.
1001 1101 1109 1159 Syst.
1142 1102 1195 1154 Il,
1225 1118 1266 1160 p.
1299 1102 1398 1145 459.
1445 1103 1531 1146 Sis.
1567 1104 1801 1145 corticosum

118 1163 228 1206 Desf.
261 1162 319 1205 Fl.
349 1162 483 1206 Graec.
516 1164 599 1206 tab.
631 1161 729 1206 632.
775 1161 862 1205 Sis.
894 1161 1088 1216 riqidum
1118 1159 1228 1203 Stev.
1258 1161 1302 1203 in
1330 1161 1413 1203 ΜΒ.
1446 1161 1589 1217 Suppl.
1620 1175 1663 1217 p.
1694 1159 1795 1203 439.

119 1220 205 1264 Sis.
234 1221 568 1278 curvisiliquum
594 1221 748 1264 Bertol.
781 1219 897 1263 Misc.
929 1218 1018 1261 Bot.
1050 1218 1103 1272 ll,
1128 1233 1168 1275 p.
1201 1219 1302 1272 227,
1333 1219 1418 1262 tab.
1448 1220 1498 1271 X,
1529 1219 1556 1262 s.
1588 1219 1629 1261 1.

176 1292 277 1330 Hab.
294 1292 332 1329 in
359 1292 471 1330 cultis
497 1296 536 1330 et
559 1292 755 1330 derelictis
780 1290 884 1329 Asiae
906 1289 1065 1329 minoris
1091 1291 1128 1327 in
1155 1290 1328 1339 Phrygia
1354 1290 1438 1341 (Bal
1454 1283 1499 1340 l),
1528 1289 1801 1338 Paphlagonia

119 1348 254 1403 (Auch.
279 1363 360 1389 exs.
385 1349 560 1402 4104!)‚
587 1351 713 1399 Lycia
739 1347 947 1404 (Boin-gt),
974 1348 1104 1397 Cypro
1128 1348 1320 1400 (Sibtht),
1356 1349 1479 1398 Syriae
1504 1349 1554 1387 ad
1580 1349 1733 1396 Aleppo
1760 1352 1798 1386 et

119 1411 357 1448 Damascum
378 1410 462 1462 (Ky
485 1423 566 1449 eXS.
591 1405 672 1451 46!
701 1408 880 1447 Hausskt
908 1405 1072 1462 Gai111)‚
1101 1409 1317 1446 Palaestinae
1343 1420 1464 1457 prope
1489 1408 1595 1447 Gaza
1619 1406 1800 1458 (Boissl),

118 1469 273 1507 Tauriae
296 1474 334 1508 et
353 1482 465 1519 prOV.
490 1468 792 1509 Caucasiearum
807 1467 907 1519 (ΜΒ.
922 1467 1010 1505 Hoh
1027 1462 1075 1521 !),
1090 1467 1384 1517 Mesopotamiae
1408 1468 1547 1517 (Auch.
1567 1479 1648 1506 exs.
1668 1465 1798 1516 1551),

118 1528 265 1566 Persiae
289 1530 471 1567 australis
496 1528 574 1578 (ΚΥ
600 1541 681 1567 exs.
719 1525 825 1568 126!
854 1530 891 1566 et
922 1525 973 1565 71
996 1524 1055 1579 l),
1083 1527 1302 1575 Affghaniae
1335 1519 1530 1577 (Griffl),
1568 1526 1801 1564 Belutsehiae

121 1587 278 1638 (Stocks
300 1587 344 1638 l).

174 1651 219 1705 β.
249 1651 619 1707 contortuplicala.
649 1650 820 1707 Siliquae
850 1655 1072 1692 contortae.

176 1721 279 1759 Hab.
308 1734 394 1760 cum
412 1728 507 1771 typo
525 1724 563 1759 in
581 1722 790 1760 Palaestina
807 1720 935 1772 (Boiss
951 1718 995 1770 l),
1010 1719 1155 1757 Persiae
1168 1732 1277 1768 prov,
1294 1718 1538 1768 Aderbidjan
1561 1716 1699 1770 (Auch.
1717 1728 1797 1754 exs.

117 1778 237 1821 4169
254 1779 283 1818 G
298 1779 339 1833 t).

177 1864 217 1904 y.
249 1844 473 1900 leiocarpa.
521 1842 692 1900 Siliquae
720 1848 848 1885 rectae
876 1842 939 1883 vel
967 1847 1171 1884 contortae
1198 1840 1374 1895 glabrae,
1414 1839 1512 1882 solia
1548 1838 1702 1895 saepius
1739 1837 1800 1879 vix

119 1902 304 1945 dentata.
335 1901 421 1945 Sis.
452 1902 763 1958 scorpiuroides
790 1899 926 1942 Boiss.
956 1899 1064 1942 Ann.
1094 1898 1160 1942 Sc.
1192 1899 1287 1941 Nat.
1317 1897 1448 1950 1842,
1477 1911 1517 1954 p.
1549 1896 1618 1939 74.

179 1972 279 2010 Hab.
305 1983 391 2009 cum
413 1976 507 2020 typo
531 1983 654 2020 prope
679 1970 788 2008 Gaza
813 1966 1000 2020 (Boissl),
1025 1970 1063 2006 in
1088 1969 1242 2005 deserto
1266 1969 1456 2014 Palmyrae
1479 1967 1541 2017 (Bl
1561 1962 1609 2019 l),
1635 1967 1802 2013 Assyria

120 2032 170 2069 ad
199 2031 438 2080 Euphratem
457 2030 615 2080 (Chesn.
640 2041 722 2068 exs.
749 2026 830 2068 151
851 2028 898 2078 l),
934 2028 1071 2066 Persia
1093 2027 1254 2065 australi
1280 2027 1330 2064 ad
1353 2026 1521 2075 Ispahan
1550 2024 1690 2078 (Auch.
1721 2035 1800 2062 exs.

119 2088 289 2142 41551),
316 2091 367 2128 ad
391 2089 551 2128 Schiraz
575 2090 705 2139 (Kyt),
729 2089 778 2126 ad
800 2086 910 2125 Yezd
935 2085 1092 2137 (Bunge
1110 2084 1155 2137 l).

180 2157 319 2195 Differt
341 2169 365 2194 a
387 2155 439 2194 M.
462 2155 785 2207 contortuplioatd
816 2156 855 2191 et
878 2152 1109 2191 Ledebouriz·
1132 2152 1292 2190 floribus
1317 2151 1434 2199 triplo
1461 2149 1674 2188 minoribus
1712 2149 1802 2187 sub-

120 2216 338 2254 sessilibus.

179 2279 250 2321 Ar.
284 2280 445 2331 Geogr.
479 2281 616 2320 Africa
642 2280 829 2319 borealis.

179 2422 248 2464 Μ.
277 2419 642 2477 scorpioides
669 2419 834 2476 (Bunge
860 2417 904 2459 in
931 2416 987 2472 pl,
1009 2414 1157 2457 Lehm.
1185 2426 1225 2468 p.
1247 2409 1333 2453 203
1360 2410 1440 2452 sub
1464 2406 1800 2472 [lomes-temone)

122 2479 233 2535 pube
258 2479 423 2521 furcata
449 2492 698 2527 canescens,
741 2475 851 2519 foliis
886 2473 1080 2529 oblongis
1113 2470 1276 2514 obtusis
1312 2467 1588 2510 inferiorlbus
1626 2471 1802 2530 integris

122 2536 287 2580 caeteris
313 2550 440 2594 parce
467 2537 665 2590 dentatis,
698 2534 877 2578 floribus
909 2531 1098 2575 minimis
1124 2527 1341 2586 pedieellis
1368 2527 1509 2583 calyce
1537 2524 1802 2586 brevioribus

122 2595 322 2649 suffultis,
359 2595 507 2652 petalis
535 2595 668 2638 roseis
694 2589 1132 2647 lineari-spathulatis,
1168 2586 1332 2642 siliquis
1360 2585 1470 2641 pube
1499 2584 1659 2625 furcata
1676 2594 1803 2646 ‘cams

122 2652 422 2711 hispidissimis
462 2653 646 2696 curvatis
686 2653 748 2696 vel
789 2647 1051 2700 circinnatis,
1097 2646 1292 2702 stigmate
1321 2650 1442 2685 ovato
1471 2641 1625 2684 obtuso
1652 2641 1807 2695 Siliqua

123 2711 346 2756 sublatiori
379 2717 446 2763 Ε).

181 2782 281 2819 Hab.
306 2781 346 2818 in
370 2780 536 2818 desertis
561 2780 705 2816 Pei-siae
728 2775 931 2815 orientalis
960 2785 1085 2823 prope
1110 2771 1319 2811 Sertsehab
1346 2773 1388 2808 et
1423 2770 1524 2807 inter
1560 2767 1732 2804 Kerman
1773 2767 1810 2803 et

122 2840 230 2878 Yezd
252 2840 407 2888 (Bunge
424 2838 466 2889 l),
490 2837 766 2876 Turkestaniae
788 2846 913 2884 prope
935 2833 1116 2872 Buehara
1139 2830 1340 2881 (Lehml).

1487 2897 1532 2934 15
