2021 3235
1005 121 1088 166 758

756 309 947 358 ΜοΝτιΑ
983 311 1042 373 (ι.
1084 312 1181 361 Gen.
1219 312 1336 376 101).

256 455 404 512 Sepala
431 456 457 498 2
475 482 492 487 -
509 455 537 500 3
563 455 849 512 persistentia.
891 455 1032 498 Pelala
1059 454 1086 498 5
1112 456 1340 513 inaequalia
1366 458 1457 502 basi
1485 461 1637 518 calycis
1664 461 1825 507 inserta
1851 466 1894 508 in

196 514 345 557 tubum
374 514 521 558 fissum
549 515 639 557 basi
669 515 780 558 inter
810 528 853 557 se
881 514 1046 558 coalita.
1084 513 1273 558 Stamina
1299 514 1327 563 3
1354 519 1524 562 corollae
1551 520 1603 562 ad
1629 520 1750 565 basin
1777 532 1894 579 peta-

193 573 332 616 lorum
361 573 579 616 minorum
606 573 781 616 inserta.
827 572 1025 616 Ovarium
1062 573 1248 619 liberum
1283 576 1574 621 triovulatum.
1618 579 1754 638 Stylus
1787 581 1894 624 trifi-

194 632 287 674 dus.
319 631 499 733 Ctapsula
524 632 700 689 globosa
727 632 928 675 trivalviS.
950 657 1007 664 —
1028 632 1182 677 Herbae
1200 633 1407 690 aquaticae
1425 636 1589 692 pusillae
1607 638 1767 695 glabrae
1785 640 1895 684 foliis

194 704 342 748 opposi
365 705 416 734 1s.

254 839 324 882 Μ.
357 840 557 884 minor
601 840 762 895 (Gmel.
794 839 879 883 Bad
929 840 961 893 l,
996 854 1038 897 p.
1070 839 1180 897 301)
1224 841 1417 884 caulibus
1459 842 1715 887 dichotomis
1757 847 1897 902 patule

195 897 376 940 ramosis
404 898 556 940 erectis
584 899 645 941 vel
674 898 1022 952 ascendentibus,
1054 898 1163 942 foliis
1190 900 1427 944 carnosulis
1453 901 1766 947 viridi-flavidis
1793 903 1896 948 infe-

196 955 383 998 rioribus
410 956 623 1013 petiolatis
650 956 1124 1014 oblongo-spathulalis
1153 958 1449 1014 superioribus
1477 959 1628 1004 lineari
1647 987 1664 993 -
1683 961 1894 1020 oblongis,

196 1015 329 1071 cymis
356 1015 603 1058 lateralibus
631 1023 670 1058 et
699 1016 1019 1069 terminalibus,
1049 1017 1300 1073 pedunculis
1327 1018 1559 1062 fructiferis
1589 1020 1800 1073 recurvis,
1829 1036 1896 1065 se-

195 1073 301 1130 palis
329 1073 594 1128 orbiculatis,
624 1075 773 1131 petalis
800 1075 939 1133 calyce
967 1075 1334 1131 sublongioribus,
1365 1077 1600 1122 seminibus
1618 1080 1896 1124 tuberculatis

202 1138 266 1183 Ε).
298 1133 357 1175 Μ.
388 1133 570 1188 fontana
597 1133 640 1176 L.
671 1147 759 1176 var.
790 1134 947 1176 minor.

272 1202 373 1240 Hab.
399 1203 447 1239 ad
474 1203 626 1253 fontes,
662 1215 774 1242 mons
807 1204 960 1241 Malevo
1000 1203 1184 1242 Laconiae
1219 1204 1390 1254 (Heldrl
1433 1205 1625 1259 Orphl),
1667 1208 1898 1248 Macedonia

199 1258 371 1315 (Fi-ivl),
398 1263 627 1311 Byzantium
657 1265 693 1300 in
719 1264 874 1302 ericetis
898 1263 1066 1301 humidis
1092 1262 1296 1314 (Oleml),
1331 1265 1508 1315 Smyrnae
1534 1268 1572 1305 in
1598 1267 1766 1307 humidis
1791 1270 1894 1315 (Bal.

199 1334 280 1360 exs.
307 1319 450 1372 5771).

257 1378 332 1420 Ar.
367 1386 524 1432 Geogr.
560 1383 733 1431 Europa,
758 1382 913 1432 Sibiria,
940 1384 1050 1432 regio
1073 1383 1302 1422 Antarctica
1323 1386 1546 1425 australior.

537 1620 701 1667 ORD.
736 1620 907 1666 XVII.
953 1619 1553 1672 TAMARISCINEAE.

633 1703 780 1749 Desv.
810 1704 941 1750 Anu.
965 1702 1050 1750 Sc.
1075 1701 1186 1750 Nat.
1212 1702 1307 1761 IV,
1336 1700 1462 1750 544.

259 1853 402 1898 Flores
429 1855 649 1910 regulares
675 1854 832 1911 saepius
859 1853 1214 1910 hermaphroditi.
1255 1853 1380 1910 Calyx
1407 1853 1668 1897 aestivalione
1695 1851 1894 1898 imbrica-

197 1919 264 1956 tus
291 1912 318 1955 4
337 1939 353 1944 -
373 1913 400 1954 5
427 1912 621 1970 partitus.
670 1914 809 1957 Petala
833 1911 936 1955 4-5
962 1911 1188 1956 imbricata
1214 1912 1293 1955 sub
1321 1912 1438 1956 disco
1466 1913 1686 1970 hypogyno
1714 1912 1888 1957 inserta.

196 1970 386 2016 Stamina
412 1973 440 2015 4
457 1998 474 2004 -
494 1972 519 2015 8
547 1971 665 2016 disco
692 1972 853 2016 inserta
878 1971 1013 2015 libera
1039 1972 1102 2014 vel
1128 1971 1427 2028 monadelpha.
1471 1971 1670 2015 Ovarium
1707 1971 1893 2015 liberum

196 2031 461 2075 uniloculare
489 2030 599 2089 pluri
628 2032 690 2074 vel
719 2031 1063 2074 mulliovulatum
1081 2066 1090 2084 ‚
1119 2030 1243 2073 ovula
1269 2037 1488 2088 anatropa.
1527 2030 1628 2088 Styli
1656 2029 1743 2074 3-5.
1789 2031 1892 2089 Cap-

197 2091 289 2133 sula
315 2091 476 2134 valvata
502 2091 631 2134 valvis
659 2097 718 2134 tot
744 2097 848 2148 quot
874 2089 980 2147 styli.
1012 2087 1184 2133 Semina
1210 2095 1351 2132 erecta
1378 2103 1476 2132 cum
1504 2090 1566 2132 vel
1593 2089 1753 2147 absque
1771 2089 1893 2133 albu-

196 2149 327 2203 mine,
348 2150 484 2207 pilosa
500 2150 559 2193 vel
579 2149 699 2207 apice
715 2162 902 2202 comosa,
933 2147 1108 2206 embryo
1126 2155 1284 2201 rectus,
1312 2147 1500 2192 radicula
1518 2162 1689 2206 supera.
1710 2174 1768 2180 —
1785 2148 1892 2192 Fru-

196 2208 300 2252 tices
327 2209 390 2252 vel
418 2208 676 2253 sHss'rutices.

313 2375 386 2418 Ta.
425 2375 459 2418 1.
498 2374 877 2419 REAUMURIEAE.
909 2374 1058 2417 Benth.
1091 2382 1131 2417 et
1157 2374 1293 2417 Hook.
1324 2373 1429 2417 Gen.
1463 2374 1495 2427 l,
1524 2388 1566 2431 p.
1598 2373 1698 2417 160.
1719 2399 1776 2405 —

548 2441 823 2485 Eichwaldia
856 2440 1010 2484 Ledeb.
1043 2439 1087 2483 in
1114 2440 1274 2483 Eichw.
1305 2438 1424 2496 Casp.
1462 2437 1534 2483 38.

250 2572 420 2616 Semina
449 2564 790 2629 undique’longe
818 2572 952 2630 pilosa
980 2571 1263 2615 albuminosa.
1303 2570 1447 2615 Flores
1481 2570 1659 2614 solitarii
1696 2569 1890 2613 axillares

191 2633 253 2675 vel
282 2631 543 2675 terminales.

694 2771 995 2820 nummum
1029 2773 1092 2832 (L.
1127 2772 1225 2820 Gen.
1265 2771 1387 2830 686).

248 2910 369 2967 Calyx
398 2909 425 2952 5
451 2910 575 2954 lobus
602 2912 664 2953 vel
692 2910 873 2967 partitus
900 2911 990 2953 basi
1020 2911 1276 2955 bracteatus.
1310 2910 1450 2954 Petala
1469 2910 1494 2953 5
1511 2910 1691 2968 aequalia
1707 2911 1769 2953 vel
1789 2910 1890 2953 obli-
