2021 3235
922 135 1006 177 495

116 224 252 281 longis
278 224 440 268 obtusis
466 225 862 281 repando-dentatis
889 226 978 269 basi
1007 228 1251 281 attenuatis,
1294 229 1471 272 floribus
1509 231 1800 276 mediocribus

118 283 323 340 pedicello
350 284 487 340 calyce
514 283 692 326 dimidio
720 284 903 327 breviori
932 284 1129 335 suffultis,
1159 286 1323 342 siliquis
1351 290 1665 345 erecto-patulis
1694 306 1803 334 cras-

120 341 316 384 s'iusculis
343 340 492 397 rigidis
519 348 675 398 praeter
702 342 859 398 pubem
897 342 1141 399 bipartitam
1179 351 1219 386 et
1259 344 1339 387 3-4
1373 347 1572 402 partitam
1615 350 1806 392 verrucis

121 399 393 456 exasperatis,
423 399 619 455 stigmate
647 400 784 443 sessili
813 407 1009 444 truncato
1037 403 1108 457 (ρ).

179 470 277 508 Hab.
303 470 340 507 in
364 471 485 508 latere
510 470 636 508 occid.
662 472 803 508 montis
830 470 955 509 Gebel
982 472 1152 511 Scheick
1176 473 1390 512 Antilibani
1408 474 1529 523 (Gaill
1545 476 1587 526 l).

180 537 380 585 Bipedale,
405 536 559 575 habitus
581 537 626 576 E.
652 538 857 586 cuspidah,
884 539 1077 585 glandulae
1103 539 1270 586 placent.
1297 541 1490 588 bipartitae
1515 542 1613 579 lobis
1638 544 1802 592 conicis‚

122 596 270 644 siliquae
302 592 443 649 1752
467 597 674 644 pollicares
702 598 972 635 crassiusculae
996 601 1130 635 exacte
1165 599 1442 648 quadrangulae
1468 601 1516 638 ob
1552 613 1735 640 verrucas
1769 608 1809 640 et

123 655 266 703 stigma
288 655 425 693 sessile
448 655 549 693 inter
573 656 726 704 species
750 656 886 693 affines
911 657 1097 704 insignes.

181 718 241 774 (35)
267 718 570 775 leptocarpmm.
615 718 785 776 Siliquae
818 720 1036 762 tenuiores
1062 721 1252 764 verrucis
1280 722 1421 765 minus
1448 723 1804 779 prominentibus.

123 777 183 821 Ob
210 777 442 834 specimina
469 777 723 834 incompleta
750 778 928 821 floribus
948 779 1095 822 orbata
1113 780 1221 822 hanc
1247 780 1424 823 formam
1439 782 1551 825 haud
1571 782 1660 825 sinc
1680 784 1808 827 dubio

125 836 176 879 ad
204 836 257 878 E.
288 850 561 878 verrucosum
590 836 745 880 refero.

184 907 283 945 Hab.
300 907 338 944 in
356 908 551 946 montibus
568 907 777 956 Ssoffdagh
801 912 840 945 et
863 919 988 956 prope
1012 908 1191 946 Marasch
1208 910 1245 946 in
1268 908 1382 958 Syria
1409 911 1556 948 boreali
1575 912 1752 962 (Haussk
1768 915 1806 961 l).

182 1060 238 1103 E.
267 1061 546 1105 scabrum
573 1060 661 1117 (Dc.
692 1060 796 1118 Syst.
830 1061 878 1113 ll,
909 1075 949 1117 p.
972 1060 1076 1118 505)
1096 1075 1343 1117 canescens⁴
1375 1064 1494 1106 caule
1523 1064 1703 1121 simplici
1733 1079 1808 1122 pu-

126 1118 226 1161 milo
253 1124 411 1171 erecto,
457 1118 568 1162 foliis
605 1118 864 1162 radicalibus
900 1119 1096 1175 oblongis
1131 1121 1435 1165 obtusiusculis
1470 1122 1733 1166 subdentatis
1766 1124 1808 1166 in

125 1176 330 1234 petiolum
358 1177 601 1230 attenuatis,
645 1177 824 1221 caulinis
866 1177 1282 1222 lineari-lanccelatis
1319 1181 1469 1233 acutis,
1515 1181 1693 1225 floribus
1702 1217 1808 1235 ......

127 1249 297 1279 racemo
334 1235 554 1279 fructifero
596 1235 864 1289 brevissimo,
911 1236 1076 1293 siliquis
1103 1238 1406 1282 subscssilibus
1433 1239 1584 1283 erectis
1611 1241 1810 1284 brevibus

128 1304 247 1337 acute
275 1294 507 1350 tetragonis
534 1301 689 1351 praeter
715 1295 873 1351 pubem
901 1294 979 1337 4-5
1006 1296 1204 1352 partitam
1233 1297 1394 1340 minute
1433 1298 1810 1342 tuberculato-sca-

129 1352 234 1406 bris,
265 1353 371 1410 stylo
398 1352 546 1396 conico
573 1353 760 1396 filiformi
788 1353 952 1410 siliquae
981 1354 1086 1397 latit.
1118 1355 1398 1411 sublongiori.

188 1424 288 1462 Hah.
315 1426 352 1461 in
377 1424 528 1473 Libano
557 1424 705 1474 (Labill
722 1422 767 1478 l).

188 1489 317 1529 Caulis
340 1503 388 1529 ex
413 1490 460 1529 cl.
485 1503 551 1529 Do.
572 1488 655 1531 6-8
679 1491 890 1541 pollicaris,
918 1491 1012 1529 folia
1042 1493 1229 1531 radicalia
1250 1492 1277 1531 2
1297 1494 1405 1544 poll„
1432 1506 1608 1533 racemus
1634 1495 1809 1534 fructifer

130 1550 194 1587 vix
224 1550 419 1600 pollicem,
447 1550 588 1599 siliqua
611 1548 688 1590 8-9
711 1551 777 1588 lin.
812 1553 959 1588 tantum
984 1551 1102 1600 longa
1124 1553 1264 1590 lineam
1290 1554 1381 1590 lata.
1408 1553 1567 1601 Species
1590 1566 1808 1604 recognos-

131 1610 255 1647 cenda
278 1610 389 1659 cujus
414 1609 593 1658 siliquam
618 1610 771 1648 unicam
794 1610 833 1647 in
856 1609 966 1648 herb.
992 1623 1056 1650 Dc.
1084 1612 1175 1661 vidi,
1202 1613 1414 1650 tuberculis
1438 1612 1483 1650 E.
1506 1625 1704 1652 verrucosa
1728 1613 1808 1651 affi-

130 1669 190 1706 nis
215 1669 285 1706 sed
311 1669 468 1707 brevior
492 1673 531 1707 et
555 1670 657 1717 stylo
682 1670 866 1718 elongato
887 1681 959 1707 nec
984 1671 1167 1719 stigmate
1195 1671 1324 1709 sessili
1350 1677 1545 1720 superata.

188 1815 243 1858 E.
271 1815 766 1870 brachycarpum,
796 1815 997 1871 adpresse
1025 1829 1269 1870 canescens,
1299 1817 1491 1860 caulibus
1519 1818 1811 1861 crassiusculis

131 1872 274 1915 stricte
301 1872 480 1916 ramosis
507 1879 628 1915 acute
655 1873 882 1929 angulatis,
926 1873 1035 1916 soliis
1062 1874 1521 1931 oblongo-spathulatis
1547 1876 1811 1919 inciso-den-

133 1930 244 1985 talis,
287 1931 465 1974 floribus
505 1931 812 1985 mediocribus,
856 1931 1021 1988 siliquis
1049 1934 1201 1976 erectis
1229 1932 1521 1976 crassiusculis
1549 1934 1812 1977 brevissimis

132 1996 255 2032 acute
283 1989 588 2046 quadrangulis
614 1990 711 2046 pilis
743 1990 923 2033 ramosis
956 1991 1156 2048 adpresse
1189 1991 1530 2044 canescentibus,
1573 1993 1679 2050 stylo
1722 1992 1810 2035 sili-

132 2061 226 2104 quae
253 2048 357 2091 latit.
386 2048 586 2104 longiori,
617 2048 811 2105 stigmate
838 2048 982 2091 bilobo
1009 2050 1078 2105 (Ξ).

191 2117 292 2156 Hab.
317 2118 356 2155 in
379 2117 565 2155 Armenia
588 2117 753 2156 Rossioa
777 2118 840 2156 vel
862 2118 997 2156 Persia
1029 2119 1113 2157 bor.
1140 2118 1269 2169 (Szow
1286 2118 1326 2168 l).

190 2176 336 2214 Pedale
361 2177 423 2214 vel
448 2176 735 2225 sesquipedale,
757 2176 853 2215 folia
877 2177 1031 2216 caulina
1053 2190 1138 2216 cum
1168 2178 1313 2226 petiolo
1337 2178 1675 2226 sesquipollicaria
1698 2181 1809 2226 parte

133 2234 245 2274 infer.
276 2235 468 2284 profunde
492 2236 627 2285 incisa,
652 2237 797 2274 racemi
820 2233 1009 2275 fructiferi
1033 2237 1149 2285 rigidi
1166 2236 1473 2285 semipollicares
1490 2236 1649 2276 rachide
1668 2237 1811 2286 crassa,

133 2294 282 2344 siliquae
307 2307 394 2334 cum
416 2295 518 2344 stylo
544 2293 619 2334 5-6
644 2296 769 2334 lineas
792 2299 940 2334 tantum
964 2296 1092 2344 longae
1116 2296 1227 2334 lineae
1254 2292 1308 2348 ²sa
1334 2295 1435 2335 latae.

193 2432 249 2475 E.
277 2431 591 2476 odoratum
619 2432 768 2488 (Ehrh.
800 2432 928 2475 Beitr.
958 2433 1047 2486 Vll,
1076 2447 1118 2490 p.
1148 2433 1251 2490 157)
1289 2434 1445 2487 virens,
1484 2436 1603 2477 caule
1631 2435 1811 2492 simplici

134 2490 198 2532 vel
238 2489 382 2533 stricte
424 2503 594 2533 ramoso
634 2490 809 2544 folioso,
847 2491 958 2534 soliis
999 2491 1197 2534 omnibus
1240 2493 1482 2536 lanceolatis
1523 2494 1672 2536 crebre
1711 2494 1813 2536 den-

135 2547 320 2594 ticulatis
337 2548 487 2601 acutis,
516 2548 695 2592 floribus
721 2549 887 2605 magnis
914 2549 1120 2606 pedicello
1147 2551 1287 2607 calyce
1313 2550 1490 2594 dimidio
1517 2551 1699 2594 breviori
1727 2552 1814 2594 sus-

136 2606 268 2660 sultis,
312 2606 476 2664 siliquis
511 2607 649 2664 longis
685 2606 841 2650 strictis
877 2607 995 2651 canis
1030 2608 1081 2650 ad
1114 2609 1289 2664 angulos
1326 2608 1577 2663 virentibus,
1621 2610 1814 2665 stigmate

137 2664 355 2708 subsessili
382 2665 524 2708 bilobo
551 2667 620 2721 Θ.
657 2666 710 2708 Ε.
744 2664 1039 2708 Carniolz'cum
1064 2665 1215 2708 Dollin.
1247 2667 1379 2709 Rchb.
1411 2668 1437 2709 f.
1469 2666 1598 2711 4386.

195 2736 296 2774 Hab.
323 2736 363 2773 in
396 2736 563 2775 Albania
594 2733 665 2790 (ex
688 2733 863 2789 Griseb).
899 2737 1027 2774 Dubia
1055 2737 1212 2775 ditionis
1245 2741 1386 2775 nostrae
1407 2738 1517 2775 civis.
1542 2738 1744 2786 Spectmen
1767 2749 1815 2775 ex

138 2797 267 2832 monte
291 2794 394 2833 Atho
429 2807 452 2833 a
476 2796 527 2834 cl.
564 2793 719 2834 Griseb.
749 2796 907 2834 citatum
934 2792 1102 2848 (Frider.
1128 2796 1166 2832 in
1190 2795 1298 2834 herb.
1324 2788 1533 2844 Vindobl)
1559 2801 1618 2835 est
1641 2796 1686 2834 Ε.
1710 2797 1813 2844 caly-

139 2864 284 2892 omum.

197 2910 273 2952 Ar.
296 2916 455 2962 Googr.
480 2911 692 2951 Germania
713 2910 845 2951 austr!
874 2910 1095 2951 Dalmatia!
1122 2913 1317 2951 Banatus!
1342 2905 1518 2969 Βοεηίειῑἱ
