2021 3235
834 162 918 206 555

724 342 745 364 κ
778 341 801 364 *³*
832 342 1043 380 Perennes.

98 480 157 524 G.
191 477 631 523 frankenioides
673 478 824 534 (Boiss.
868 477 1014 532 Diagn.
1055 476 1144 520 Ser.
1184 476 1215 528 1,
1250 476 1282 526 Ι,
1312 488 1352 531 p.
1384 474 1456 527 ³10)
1497 471 1722 528 cespitosa,

41 537 222 580 breviter
250 544 286 579 cl
316 537 454 592 patule
481 536 930 591 glanduloso-hirsula‚
978 535 1106 577 ramis
1142 533 1341 576 brevibus
1375 531 1574 574 tenuibus
1603 543 1723 586 pros-

40 594 174 647 tratis,
204 594 313 638 soliis
340 593 539 636 brevibus
567 593 902 637 subfasciculatis
929 592 1281 636 lineari-setaceis
1308 588 1604 639 acutiusculis,
1648 587 1724 629 sso—

42 653 157 695 ribus
191 652 471 695 subsolilariis
503 652 545 694 in
581 652 713 695 axillis
750 651 1043 708 superioribus
1078 658 1119 693 ct
1153 648 1466 698 terminalibus,
1508 644 1725 703 pedicellis

41 711 180 767 calyce
208 710 575 762 subbreviorihus,
614 712 754 768 calyce
782 723 908 767 parce
936 710 1095 752 hirlulo
1124 715 1300 763 anguste
1330 707 1720 760 tubuloso-campa-

40 769 182 811 nulalo
210 769 260 811 ad
291 768 454 811 tertiam
482 775 646 825 partem
674 769 714 810 in
743 769 891 811 dentes
918 769 1124 823 oblongos
1151 765 1343 821 margine
1377 764 1726 807 membranaceos

41 826 212 870 obtusos
239 827 354 878 fisso,
394 826 542 883 petalis
579 826 711 870 roseis
744 825 1105 869 lineari-cuneatis
1132 824 1293 867 obtusis
1321 824 1461 880 calyce
1489 819 1726 876 sesquilon-

41 884 253 940 gioribus,
293 886 462 940 capsula
489 888 610 928 ovata
636 885 772 942 calyce
800 883 1066 928 subbreviori
1094 884 1205 925 ultra
1234 880 1420 924 medium
1447 878 1725 937 quadrivalvi,

42 942 274 985 seminibus
303 943 464 986 minute
491 943 769 986 tuberculatis
812 950 873 991 26.

99 1013 198 1050 Halo.
225 1014 262 1049 in
285 1014 444 1062 regione
467 1014 599 1061 alpina
630 1013 769 1059 Cariae,
795 1012 963 1053 Cadmus
992 1012 1195 1050 orientalis
1218 1023 1336 1060 supra
1360 1010 1523 1048 Klionas
1545 1007 1594 1045 ad
1619 1007 1728 1044 nives

45 1068 174 1124 (Boiss
191 1068 234 1121 Ι).
255 1072 314 1110 Fl.
343 1072 432 1110 Jun.
458 1073 536 1111 Jul.

99 1137 234 1176 Facies
262 1139 396 1187 Thymi
418 1139 578 1188 serpylli
603 1139 664 1176 vel
688 1139 921 1178 Frankenioe
945 1137 1202 1176 intermediae.
1226 1137 1365 1175 Flores
1396 1131 1485 1188 272
1510 1134 1576 1171 lin.
1607 1132 1728 1180 longi.

61 1197 283 1236 Transitum
309 1199 456 1246 praebet
477 1198 576 1236 inter
599 1197 875 1237 Caudiculosas
899 1201 936 1235 et
956 1197 1202 1235 Bolantlzum.

97 1270 140 1324 β.
171 1268 428 1312 Libanotica.
474 1269 602 1312 Paulo
630 1270 766 1328 major
793 1276 833 1313 et
858 1269 1077 1320 viscidior‚
1106 1268 1233 1311 flores
1260 1268 1311 1310 ad
1340 1266 1481 1324 apices
1510 1277 1728 1308 ramorum

44 1326 379 1381 numerosiores,
407 1327 601 1384 pedicelli
628 1342 739 1385 saepe
767 1329 908 1387 calyce
936 1326 1248 1383 sublongiores.

103 1397 201 1434 Hab.
228 1397 264 1433 in
291 1397 442 1434 saxosis
469 1396 610 1435 Libani
633 1398 732 1435 inter
755 1397 952 1436 cedretum
978 1396 1166 1446 etjugum
1188 1394 1363 1434 Balbeck
1386 1394 1451 1432 alt.
1478 1390 1622 1434 '5600’
1654 1391 1733 1441 (Κ)7

44 1475 127 1502 exs.
150 1462 230 1504 551
253 1463 296 1513 Σ),
321 1465 423 1502 inter
446 1465 600 1503 Dimam
626 1470 664 1503 et
686 1466 893 1514 Yamouny
918 1463 1079 1517 (Blanch
1095 1458 1140 1511 l).

100 1548 140 1585 y.
172 1527 427 1582 fasciculam
455 1527 606 1582 (Boiss.
637 1527 787 1583 Diagn.
816 1527 906 1571 Ser.
940 1529 973 1580 I,
999 1527 1110 1579 VIII,
1138 1541 1179 1583 p.
1201 1525 1292 1582 58).
1325 1525 1442 1569 Folia
1469 1524 1667 1567 breviora
1694 1528 1734 1564 el

45 1584 281 1638 obtusiora,
325 1585 452 1628 ssores
485 1586 735 1629 brevissime
768 1586 1005 1643 pedicellati
1033 1585 1084 1628 ad
1112 1585 1253 1642 apices
1280 1598 1498 1627 ramorum
1528 1580 1733 1625 subfasci-

45 1643 194 1696 culati,
224 1645 337 1700 calyx
365 1644 652 1698 glabrescens,
680 1646 819 1701 petala
844 1644 1053 1689 intensius
1080 1657 1312 1700 purpurea.
1346 1642 1394 1686 G.
1419 1647 1733 1698 atropurpurca

45 1700 180 1744 Boiss.
210 1701 253 1744 in
282 1701 425 1745 lleldr.
456 1703 511 1759 pl.
543 1717 628 1746 exs.

99 1771 201 1809 Hab.
229 1771 266 1807 in
291 1771 448 1819 pascuis
471 1771 587 1810 siccis
621 1773 761 1810 montis
786 1771 948 1810 Stavros
973 1771 1128 1810 Pisidiae
1152 1782 1271 1819 supra
1295 1770 1447 1808 Isbarta
1470 1768 1613 1817 (Heldr
1630 1763 1680 1816 Ῐ).

634 1942 754 1985 SECT.
785 1942 832 1985 V.
864 1943 1136 1986 BOLANTflus.

101 2090 160 2134 G.
193 2090 543 2134 iascioulata
581 2089 763 2144 (Margot
788 2095 828 2131 et.
856 2088 976 2130 Reut.
1010 2087 1130 2130 Mem.
1162 2086 1254 2129 Soc.
1288 2086 1409 2144 Phys.
1441 2085 1595 2129 Genev.
1626 2084 1738 2137 VIII,

45 2162 84 2205 p.
115 2146 216 2200 ⁶281,
249 2147 331 2190 [ab.
363 2147 407 2203 4)
452 2147 530 2190 sub
568 2147 680 2190 lente
716 2160 842 2203 parce
876 2144 1273 2201 glanduloso-hirta‚
1318 2144 1407 2187 basi
1436 2143 1741 2187 suffrulescens

45 2205 320 2258 munsicaulis,
350 2205 544 2248 caulibus
573 2204 726 2248 erectis
754 2204 947 2260 rigidulis
975 2203 1162 2246 tenuiter
1187 2202 1458 2246 filiformibus
1476 2200 1742 2258 simplicibus

45 2264 108 2306 vel
135 2277 259 2320 parce
287 2270 322 2306 el
353 2263 596 2306 dichotome
625 2263 821 2315 ramosis,
852 2262 962 2305 foliis
990 2261 1227 2304 carnosulis
1254 2259 1636 2304 lineari-subillatis
1664 2258 1740 2301 oh-

46 2321 303 2374 lusiusculis‚
348 2321 525 2364 floribus
562 2321 700 2378 parvis
737 2321 788 2364 ad
825 2320 968 2377 apices
1005 2333 1224 2363 ramorum
1259 2316 1738 2375 fasciculam-capitatis,

46 2379 260 2437 pedicellis
294 2381 435 2436 calyce
463 2379 757 2433 brevioribus,
796 2380 934 2436 calyce
961 2377 1168 2435 pruinoso
1195 2385 1374 2433 anguste
1401 2377 1741 2420 tubuloso-cam-

45 2439 243 2495 panulalo
278 2437 390 2480 inter
424 2444 560 2481 costas
594 2437 750 2480 virides
785 2436 1230 2480 albo-membranaceo
1268 2435 1319 2478 ad
1347 2441 1546 2493 quartam
1572 2440 1739 2491 partem

47 2496 90 2539 in
117 2496 264 2539 dentes
289 2496 496 2552 oblongos
522 2496 696 2539 obtusos
723 2495 846 2548 fisso,
890 2494 1040 2551 petalis
1067 2493 1173 2536 albis
1198 2492 1570 2537 lineari-cuneatis
1598 2491 1742 2548 calyce

45 2553 167 2597 tertia
187 2561 304 2610 parte
323 2553 604 2608 longioribus,
629 2554 799 2610 capsula
817 2551 1251 2609 oblongo-cylindrica
1269 2552 1453 2609 calycerri
1473 2549 1740 2607 subaequanti

46 2612 254 2668 profunde
281 2611 543 2668 quadrivalvi
581 2619 642 2661 26.
684 2611 786 2668 Sap.
817 2611 1072 2668 fasciculam
1100 2609 1229 2652 Boiss
1261 2609 1410 2665 Diagn.
1443 2609 1533 2653 Ser.
1567 2609 1601 2662 l,
1629 2607 1742 2659 VIII,

48 2683 89 2726 p.
120 2669 175 2712 73
202 2669 263 2713 (in
291 2671 426 2726 nota).

105 2739 209 2777 Hab.
236 2739 273 2776 in
300 2739 584 2787 campestribus
608 2739 742 2776 insulae
758 2738 948 2787 Zacynthi
977 2731 1206 2788 (Margot!).

108 2804 248 2843 caules
271 2802 378 2844 6-10
401 2805 625 2854 pollicares,
651 2804 747 2842 folia
772 2802 849 2844 2-4
874 2805 941 2841 lin.
969 2805 1099 2852 longa,
1123 2804 1292 2841 braeteae
1315 2803 1484 2841 lineares
1508 2803 1658 2841 obtusae
1673 2814 1738 2850 pe-

50 2863 199 2902 dicellis
221 2864 438 2913 breviores7
464 2865 578 2912 calyx
604 2864 748 2902 lineam
779 2861 858 2915 ΓΙ(
889 2867 1037 2901 tantum
1062 2863 1219 2912 longus.
