2021 3235
1042 136 1126 182 740

236 227 455 273 sessilibus
496 228 539 272 in
581 230 841 287 glomerulos
883 229 990 273 7-10
1015 230 1144 273 ssoros
1186 231 1304 274 valde
1345 232 1659 289 approximatos
1690 231 1920 290 dispositis,

234 289 371 345 calyce.
399 288 584 344 oblongo
610 288 707 346 pilis
733 288 839 331 albis
866 289 1201 345 subaequilongis
1228 289 1320 346 ejus
1347 290 1476 333 diam.
1508 290 1774 347 longioribus
1792 293 1922 337 dense

232 346 396 400 obsito,
435 347 549 405 stylis
586 347 787 390 brevibus
814 347 1024 391 distinctis
1055 353 1119 399 Θ.
1153 360 1220 391 nc.
1252 348 1375 391 Mem.
1406 348 1560 393 Paron.
1590 350 1676 393 tab.
1706 349 1748 393 3.
1779 377 1835 383 -
1861 352 1916 395 Η.

229 420 378 448 annua
405 406 502 462 Lag.
534 405 638 449 Gen.
669 413 709 449 et
734 405 803 463 Sp.
834 420 875 463 p.
907 405 978 448 12.

287 476 388 514 Hab.
415 477 452 514 in
480 478 593 515 cultis
617 477 815 515 sterilibus
839 482 876 514 et
898 477 946 514 ad
975 477 1080 525 vias,
1114 475 1245 517 Attica
1276 473 1430 531 (Heldr.
1466 479 1586 517 Herb.
1609 479 1747 519 Norm.
1774 479 1918 533 5580,

227 534 365 574 Cilicia
384 536 424 574 in
448 538 625 575 arenosis
649 537 850 574 maritimis
874 536 925 574 ad
951 537 1121 574 Mersina
1144 531 1293 592 (Ball),
1318 537 1433 586 Syria
1455 538 1505 575 ad
1530 538 1699 589 Aleppo,
1718 540 1864 580 Aintab
1882 546 1920 580 et

228 595 294 633 Bir
319 593 558 646 (Hausskl),
582 597 633 634 ad
659 596 893 634 Damascum
921 591 1078 651 (Gailll)
1094 627 1102 640 ‚
1127 596 1335 634 Palaestina
1361 589 1539 650 (Boissl)
1555 630 1568 645 ,
1598 598 1750 637 Arabia
1771 604 1919 649 petraea

227 655 274 692 ad
300 654 453 694 Nueekl
481 647 671 709 (Boiss!)‚
694 655 893 704 AEgyptus
909 656 959 694 ad
984 656 1261 694 Alexandriam
1281 651 1495 708 (Samari),
1520 657 1742 706 Babylonia
1761 657 1915 713 (Νοόῐ),

225 714 361 752 Persia
384 715 485 753 inter
507 715 676 764 Ispahan
702 718 740 753 et
761 715 944 753 Teheran
967 714 1121 765 (Bunge
1141 713 1181 767 !)‚
1206 715 1417 765 Affghania
1437 715 1560 765 (Griff
1570 713 1610 769 !)‚
1635 717 1694 756 Fl.
1719 730 1825 757 vere.

282 779 327 833 β.
359 778 561 821 diandra.
593 773 780 822 Stamina
806 777 924 821 bina.
954 778 1009 821 H.
1041 779 1230 822 diandra
1256 778 1400 836 Bunge
1426 780 1484 836 pl.
1514 780 1662 823 Lehm.
1694 795 1733 838 p.
1765 781 1874 826 296!

281 850 382 889 Hab.
405 851 442 888 in
467 850 733 889 Turkestania
759 849 898 902 (Lehm
916 848 963 898 !)‚

283 918 431 956 Praeter
464 928 664 956 numerum
689 918 895 956 staminum
932 918 1039 956 nulla
1077 918 1172 956 nota
1193 929 1217 955 a
1241 921 1335 967 typo
1362 917 1492 956 differt
1517 922 1555 956 et
1580 920 1794 968 specimina
1810 921 1909 959 Ara-

221 977 311 1015 bica
342 976 505 1015 formam
537 977 806 1015 intermediam
838 978 1070 1015 staminibus
1096 976 1290 1016 fertilibus
1314 975 1409 1017 2-5
1432 982 1470 1015 et
1492 975 1691 1018 sterilibus
1714 979 1908 1019 interdum

220 1036 417 1075 nonnullis
439 1037 626 1086 praebent.

278 1102 354 1143 Ar.
388 1103 548 1155 Geogr.
585 1105 717 1143 Insula
740 1104 1022 1153 Canarienses‚
1056 1105 1165 1153 regio
1201 1104 1489 1143 Mediterranea
1513 1105 1682 1155 Europae
1703 1110 1742 1144 et
1762 1107 1908 1146 Africae

218 1165 402 1203 borealis.

276 1320 340 1363 H.
368 1320 582 1376 glabra
609 1317 673 1375 (L.
704 1317 774 1375 Sp.
806 1316 910 1375 317)
938 1319 1085 1375 glabra
1104 1355 1114 1373 ,
1144 1319 1274 1363 ramis
1299 1319 1501 1363 tenuibus
1527 1318 1767 1376 prostratis,
1795 1318 1906 1362 foliis

217 1377 411 1435 oblongis
438 1377 528 1421 basi
556 1380 770 1420 attenuata
797 1376 1012 1420 interdum
1040 1377 1209 1431 eiliatis,
1238 1378 1416 1422 floribus
1444 1377 1662 1421 sessilibus
1688 1377 1731 1420 in
1749 1378 1907 1434 glome-

216 1438 331 1481 rulos
357 1438 542 1480 alternos
569 1435 799 1479 7-8-ssoros
826 1435 1132 1493 oppositisolios
1158 1437 1251 1494 disp
1283 1437 1391 1490 sitis,
1420 1436 1574 1495 oalyois
1592 1436 1780 1480 breviter
1795 1436 1903 1480 ovati

213 1496 350 1552 glabri
377 1495 540 1539 laciniis
567 1494 730 1538 obtusis
747 1530 757 1548 ,
786 1495 889 1552 stylo
915 1495 1165 1554 brevissimo
1191 1496 1265 1539 bifi
1299 1510 1323 1538 o
1349 1495 1618 1553 stigmatibus
1645 1495 1904 1552 divergenti-

215 1554 294 1598 bus
322 1563 368 1610 O
397 1555 460 1598 vel
486 1568 742 1612 perennans.
773 1553 892 1610 Engl.
925 1554 1014 1598 Bot.
1045 1555 1129 1598 tab.
1161 1555 1261 1599 206.

272 1627 372 1666 Hab.
397 1627 436 1664 in
460 1627 572 1665 cultis
596 1627 647 1664 ad
673 1624 843 1664 Carlova
866 1626 1046 1666 Thraciae
1069 1624 1235 1681 (Friv!),
1261 1628 1513 1676 Archipelagi
1537 1628 1604 1675 (ex
1628 1625 1756 1664 Sibth.
1771 1625 1800 1677 ),
1826 1625 1901 1664 Ar-

211 1688 347 1726 meniae
371 1687 549 1725 Tureieae
575 1679 712 1739 (Calvl
741 1685 869 1724 Tehih
884 1686 938 1735 !)‚
964 1686 1120 1726 Tauriae
1142 1690 1180 1726 et
1202 1699 1311 1736 prov,
1339 1686 1640 1726 Caucasiearum
1664 1684 1828 1736 (Ledeb
1845 1684 1896 1738 !)‚

211 1747 333 1796 Syriae
354 1747 404 1785 ad
424 1746 578 1795 Aleppo
603 1749 641 1783 et
662 1746 730 1783 Bir
754 1739 975 1800 (Hausskt)
999 1751 1037 1785 et
1059 1748 1097 1784 in
1121 1747 1284 1797 regione
1309 1747 1442 1795 alpina.
1465 1746 1605 1784 montis
1630 1745 1801 1784 Hermon
1826 1746 1898 1795 Sy-

211 1808 278 1846 riae
303 1804 442 1859 (Gaillt
466 1805 530 1855 Ky
548 1817 630 1843 exs.
653 1803 736 1845 241
759 1799 806 1859 !)‚
832 1806 890 1844 Fl.
914 1817 1018 1855 vere,
1039 1810 1123 1844 aest.

268 1873 344 1913 Ar.
378 1879 538 1924 Geogr.
573 1873 744 1923 Europa,
769 1873 974 1924 Songaria,
998 1874 1143 1913 Sibiria
1167 1874 1335 1914 Altaica.

265 2043 330 2087 H.
357 2042 597 2086 hirsuta
624 2039 689 2096 (L.
708 2038 777 2097 Sp.
808 2035 912 2094 317)
939 2042 1027 2079 tota
1054 2035 1181 2088 hirta,
1212 2035 1342 2079 ramis
1370 2036 1609 2092 prostratis,
1639 2035 1750 2080 foliis
1776 2036 1897 2094 ellip-

206 2100 503 2156 tico-oblongis
528 2098 620 2142 basi
659 2095 913 2149 attenuatis,
948 2094 1128 2138 floribus
1159 2093 1380 2138 sessilibus
1416 2093 1459 2136 in
1494 2094 1754 2150 glomerulos
1790 2094 1897 2140 7-10

202 2160 332 2204 ssoros
357 2157 590 2216 dispositis,
619 2157 769 2215 calycis
795 2153 967 2210 oblongi
994 2153 1161 2197 laciniis
1187 2156 1276 2197 seta
1292 2152 1477 2209 longiori
1504 2152 1761 2208 terminatis,
1791 2155 1891 2211 stig-

202 2218 387 2262 matibus
413 2215 714 2261 subsessilibus
745 2221 792 2267 Θ
829 2220 870 2257 et
902 2212 1058 2269 saepius
1086 2225 1342 2269 perennans.
1373 2211 1492 2268 Engl.
1524 2211 1613 2255 Bot.
1644 2211 1729 2255 tab.
1761 2211 1890 2257 1379.

261 2290 361 2328 Hab.
389 2289 428 2326 in
451 2288 606 2326 incultis
639 2287 779 2336 saepius
807 2276 1004 2323 montanis
1021 2314 1029 2328 ‚
1067 2283 1254 2322 Laeoniae
1288 2283 1338 2321 ad
1366 2283 1517 2331 Hagios
1548 2283 1686 2322 Petros
1709 2282 1893 2334 (Orpht),

199 2349 341 2388 Attioae
362 2349 412 2387 ad
437 2348 676 2386 Pentelieum
701 2346 840 2392 (Heldr
856 2337 902 2394 !)‚
929 2344 1074 2382 Eubeae
1095 2344 1133 2381 in
1157 2346 1287 2381 monte
1315 2341 1459 2391 Delphi
1485 2334 1687 2395 (Heldr!),
1712 2343 1894 2382 Thraciae

199 2406 308 2462 (Friv
325 2402 353 2461 l)
370 2439 378 2454 ,
403 2408 582 2456 Byzantii
606 2406 712 2456 (Noe’
726 2405 768 2457 !)‚
791 2403 918 2449 ,Cariae
941 2404 978 2441 in
1003 2403 1163 2453 regione
1187 2402 1316 2441 media
1332 2400 1471 2440 Cadmi
1486 2402 1616 2452 (Boiss
1633 2401 1677 2454 !)‚
1703 2402 1826 2452 Syriae
1843 2404 1892 2441 ad

197 2468 411 2518 Berythum
436 2461 561 2521 (Blt),
586 2478 696 2514 prov,
718 2463 1140 2503 Transeaueasicarnm
1165 2461 1335 2513 (C.A.M.
1361 2459 1553 2513 Hoheul).

256 2534 332 2574 Ar.
365 2533 524 2585 Geogr.
558 2534 731 2582 Europa.

254 2700 319 2743 H.
346 2698 705 2742 Parnassica
730 2695 895 2753 (Heldr.
926 2702 966 2738 et
992 2694 1152 2738 Sartori
1179 2694 1223 2737 in
1251 2695 1384 2738 Boiss.
1416 2694 1566 2752 Diagn.
1588 2694 1678 2739 Ser.
1699 2695 1752 2750 11,
1781 2696 1815 2751 1,
1843 2711 1883 2754 p.

193 2756 292 2813 95),
330 2756 460 2800 ramis
494 2754 717 2813 prostratis
751 2754 971 2811 puberulis
1007 2753 1158 2797 subtus
1185 2753 1500 2808 radicantibus,
1530 2753 1640 2798 soliis
1667 2755 1798 2799 ovatis
1824 2756 1887 2799 vel

192 2814 582 2859 ovato-orbiculatis
618 2812 903 2857 obtusissimis
943 2812 1104 2868 glabris
1143 2813 1207 2855 vel
1248 2812 1472 2866 ciliatulis,
1515 2812 1682 2871 stipulis
1722 2814 1887 2870 magnis

186 2874 437 2925 fimbriatis,
479 2873 660 2916 floribus
696 2872 882 2915 breviter
915 2869 1174 2928 pedicellatis
1210 2870 1255 2913 in
1280 2872 1540 2927 glomerulos
1567 2871 1880 2930 oppositifo¹ios

190 2932 266 2975 5-7
296 2933 424 2976 ssoros
452 2931 561 2975 foliis
588 2930 853 2975 intermixtos
881 2929 1122 2986 dispositis,
1166 2929 1319 2986 calycis
1354 2930 1463 2974 ovati
1497 2930 1609 2987 pube
1635 2931 1885 2975 brevissima
