2021 3235
1036 90 1121 136 240

230 187 350 245 paria
376 186 608 244 dispositis,
639 192 758 242 septo
776 199 935 229 crasso.
965 184 1126 242 Stigma
1152 185 1482 229 crassiusculum
1509 184 1718 228 bilobum.
1749 184 1920 229 Semina

231 246 415 302 oblonga
441 244 739 288 crassiuscula.
784 243 1062 302 Cotyledones
1094 244 1406 287 incumbentes.
1436 270 1494 274 -—
1521 243 1673 286 Herbze
1710 257 1920 300 perennes

231 304 382 360 alpinae
411 302 607 346 stellatim
635 309 902 345 tomentosee.

286 470 348 512 A.
366 466 708 513 Billardieri
736 467 823 524 (nc.
854 465 964 525 Syst.
995 465 1048 518 ll,
1078 479 1120 522 p.
1143 464 1247 522 578)
1274 463 1710 520 virescenti-griseum
1737 465 1917 520 glandu-

228 528 368 570 losum
397 540 630 578 ramosum,
661 525 771 569 foliis
800 524 1056 568 radicalibus
1084 523 1279 580 oblongis
1306 523 1349 565 in
1375 523 1582 579 petiolum
1601 523 1827 567 attenuatis
1844 523 1921 565 ob-

228 586 358 629 solete
385 584 800 641 repando-dentatis,
843 582 1024 626 racemis
1065 581 1204 638 longis
1239 582 1413 638 virgatis
1449 582 1623 624 demum
1658 581 1922 638 longissimis

229 643 349 696 laxis,
392 642 571 686 floribus
603 642 847 696 bracteatis,
890 641 1040 699 petalis
1067 640 1295 698 purpureis
1323 641 1510 698 calycem
1537 653 1688 696 parum
1716 640 1921 683 exceden-

230 702 358 755 tibus,
401 701 566 758 siliquis
607 701 759 744 erectis
796 699 1231 757 glanduloso-asperis
1264 698 1713 755 oblongo-lanceolatis
1741 713 1764 742 a
1790 700 1921 742 latere

231 759 571 817 subcompressis
598 759 641 802 in
669 760 823 817 stylum
851 759 1028 814 longum
1057 756 1284 801 attenuatis
1322 765 1382 806 26.
1414 757 1570 800 Deless.
1594 756 1712 810 1022,
1740 757 1824 800 tab.
1847 755 1917 800 8⁶2.

289 831 390 868 Hab.
416 831 453 867 in
476 830 635 878 regione
659 827 793 878 alpina
810 828 953 866 Libani
976 829 1013 865 in
1027 828 1125 876 jugo
1145 826 1291 864 Sannin
1315 826 1442 878 (Labi
1462 826 1609 877 Pestl),
1631 838 1751 875 supra
1769 828 1921 874 sylvam

227 890 339 928 Eden
364 889 426 939 (Bl
440 883 486 939 !),
511 888 561 926 ad
582 886 793 927 Cedretum
819 885 947 940 (Kyi),
973 887 1010 924 in
1035 886 1260 924 Antilibano
1280 898 1399 934 supra
1415 885 1587 924 Zebdani
1605 884 1687 935 (Ky
1706 898 1789 924 exs.
1804 884 1916 938 450,

289 956 449 994 Racemi
482 955 672 993 fructiferi
697 955 850 992 demum
875 950 952 991 1-2
976 952 1138 1001 pedales
1162 953 1456 999 decumbentes,
1482 953 1656 990 bracteae
1679 953 1922 1001 lanceolata),

230 1016 414 1065 pedicelli
438 1016 572 1063 calyce
595 1014 893 1061 subbreviores,
924 1012 1086 1061 capsul'a
1112 1023 1199 1050 cum
1222 1012 1327 1060 stylo
1351 1009 1457 1052 9-11
1486 1011 1611 1050 lineas
1638 1012 1759 1061 longa
1783 1013 1869 1051 basi
1895 1011 1924 1052 2

230 1076 309 1113 lata
334 1071 389 1128 (v,
415 1086 446 1113 s.
472 1085 537 1122 sp.
562 1078 600 1112 et
623 1086 660 1111 V.
685 1069 811 1123 cult.).

289 1245 351 1288 A.
376 1241 888 1298 elychrysifolium
916 1240 1003 1296 (DC.
1035 1239 1142 1297 Syst.
1174 1239 1227 1292 Il,
1257 1252 1298 1295 p.
1329 1238 1409 1282 581
1441 1239 1521 1282 sub
1550 1239 1825 1299 Steriymate)
1854 1241 1920 1285 in-

232 1316 406 1355 canum,
437 1300 629 1344 caulibus
656 1298 828 1356 pumilis
855 1297 1119 1356 simplicibus
1137 1299 1199 1340 vel
1219 1311 1345 1354 parce
1363 1298 1560 1352 ramosis,
1587 1298 1697 1342 soliis
1714 1300 1920 1357 oblongo-

233 1360 469 1404 linearibus
495 1358 801 1415 integerrimis,
831 1357 1011 1401 racemis
1029 1355 1286 1400 abbreviatis
1304 1356 1574 1411 ebracteatis,
1603 1358 1750 1414 petalis
1777 1360 1923 1403 aureis

234 1420 373 1477 calyce
402 1417 832 1474 sesquilongioribus,
859 1415 1023 1473 siliquis
1051 1415 1205 1472 patulis
1231 1416 1293 1458 vel
1308 1415 1506 1472 pendulis
1522 1417 1776 1460 tomentellis
1794 1417 1922 1461 linea-

236 1478 354 1521 ribus
382 1477 589 1520 teretibus
616 1476 727 1530 inter
753 1474 917 1518 semina
944 1488 1055 1531 saepe
1083 1473 1323 1517 constrictis
1356 1473 1399 1516 in
1431 1474 1583 1531 stylum
1617 1475 1789 1519 brevem
1823 1483 1924 1520 atte-

234 1535 375 1579 nuatis
412 1543 472 1583 26.
521 1534 574 1577 A.
612 1534 902 1590 Tournefortii
927 1532 1060 1576 Boiss.
1092 1533 1200 1575 Ann.
1233 1531 1296 1575 Sc.
1327 1533 1422 1575 Nat.
1454 1531 1585 1586 1842,
1613 1548 1654 1590 p.
1687 1533 1787 1578 683.
1829 1535 1920 1579 Ste-

234 1595 375 1652 riyma
401 1592 774 1649 elychrysifolium
801 1604 869 1636 Dc.
900 1591 1057 1635 Deless.
1089 1591 1146 1634 lc.
1177 1590 1237 1644 ll,
1267 1591 1351 1634 tab.
1382 1590 1454 1633 84.
1495 1590 1710 1649 Steriyma
1745 1594 1915 1637 chz'ono-

228 1654 403 1710 philam
429 1651 575 1695 Schott
608 1658 649 1693 et
681 1651 757 1709 Ky.
789 1651 907 1694 Anal.
938 1650 1027 1693 Bot.
1059 1650 1129 1693 ΙΙΙ.
1169 1649 1397 1693 Matthiola
1423 1649 1597 1692 Persica
1623 1664 1691 1695 Dc.
1722 1651 1831 1709 Syst.
1860 1653 1913 1707 fl,

232 1726 274 1769 p.
305 1710 413 1754 1681
443 1710 643 1767 Hesperis
660 1710 848 1753 Armena
864 1709 1203 1765 helichrysifolio
1219 1709 1322 1764 flore
1344 1709 1455 1751 luteo
1481 1708 1640 1752 Tourn.
1661 1710 1793 1754 herb!

290 1782 393 1820 Hab.
431 1781 470 1818 in
507 1780 660 1817 saxosis
697 1779 870 1828 regionis
892 1780 1053 1828 alpinae,
1080 1778 1235 1816 Taurus
1261 1778 1459 1817 Isauricus
1484 1778 1523 1815 in
1549 1783 1679 1819 monte
1705 1780 1913 1830 Gbeidagh

232 1841 373 1887 (Heldr
391 1832 423 1886 l)
446 1843 484 1877 et
508 1839 692 1878 Cilicicus
717 1837 831 1888 (Ball
855 1838 973 1888 Kyl),
1002 1837 1257 1886 Cappadocia
1285 1836 1425 1890 (Auch.
1445 1849 1528 1879 eXS.
1555 1835 1652 1890 871)
1677 1840 1771 1878 etin
1787 1843 1917 1878 monte

233 1899 460 1938 Aslandach
486 1897 624 1951 (Ball),
650 1901 802 1936 montes
826 1897 1047 1945 Paryadres
1068 1897 1184 1934 Ponti
1207 1896 1353 1943 (Tchih
1370 1896 1419 1947 !),
1444 1908 1554 1934 mons
1589 1898 1817 1948 Berytdagh
1843 1899 1915 1938 Ga-

230 1960 373 1998 taoniae
396 1959 446 1997 ad
471 1958 580 1996 nives
604 1959 671 1996 alt.
695 1954 1012 1997 900021000&
1041 1955 1267 2008 (Haussk!),
1294 1957 1480 1994 Armenia
1505 1956 1542 1994 in
1569 1959 1764 1997 montibus
1789 1958 1916 1997 Tech-

232 2018 337 2068 dagh
361 2013 532 2071 (Huetl),
560 2021 597 2056 et
618 2017 865 2067 Bing'oldagh
890 2016 972 2068 (Ky
996 2028 1081 2055 exs.
1108 2013 1252 2066 5941),
1271 2027 1380 2054 mons
1407 2016 1638 2055 Demavend
1661 2018 1805 2056 Persiae
1830 2019 1916 2057 bor.

231 2078 315 2129 (Ky
340 2090 423 2116 exs.
446 2075 533 2117 547
555 2075 579 2129 ἒ)
608 2098 663 2106 -
695 2077 864 2115 Turoice
891 2076 977 2114 Sari
999 2075 1229 2115 Tchicheek
1248 2075 1340 2124 (flos
1362 2074 1518 2126 flavus).
1543 2073 1603 2114 Fl.
1626 2081 1775 2116 aestate.

288 2145 449 2184 Racemi
485 2143 678 2182 fructiferi
708 2143 992 2192 semipedales,
1018 2142 1136 2180 flores
1159 2142 1288 2190 magni
1322 2142 1622 2192 suaveolentes,
1648 2144 1790 2194 siliqua
1812 2138 1917 2184 6-18

229 2203 353 2243 lineas
379 2205 498 2253 longa
522 2201 598 2243 5-6
622 2214 779 2252 sperma
801 2203 864 2241 vel
889 2203 1029 2240 abortu
1054 2199 1127 2239 1-2
1145 2212 1302 2250 sperma
1324 2202 1425 2239 inter
1448 2200 1598 2240 semina
1625 2203 1743 2242 valde
1766 2203 1830 2241 vel
1853 2204 1917 2242 vix

229 2265 453 2303 constricta.
489 2263 628 2300 Planta
652 2262 811 2300 Persica
836 2273 952 2311 quam
986 2261 1198 2299 floriferam
1221 2264 1370 2299 tantum
1402 2261 1484 2299 vidi
1515 2262 1709 2307 ramosior
1747 2266 1807 2301 est
1845 2263 1914 2301 sed

230 2323 414 2372 specifice
437 2334 515 2361 non
539 2321 697 2360 differre
713 2321 880 2359 videtur.

617 2489 874 2538 STERIGMA
909 2489 997 2552 (Dc.
1036 2489 1142 2550 Syst.
1180 2489 1232 2546 ll,
1269 2503 1344 2551 paq
1382 2489 1500 2548 579).

282 2638 405 2696 Calyx
430 2642 599 2681 erectus
625 2634 717 2678 basi
745 2633 936 2692 aequalis.
967 2633 1113 2677 Petala
1139 2632 1434 2690 unguiculata.
1456 2631 1647 2677 Stamina
1664 2633 1828 2690 majora
1844 2647 1920 2691 per

225 2697 345 2755 paria
371 2708 576 2739 connexa-1.
623 2693 785 2750 Siliqua
822 2694 946 2750 longa
980 2698 1093 2735 teres
1132 2693 1405 2736 subtorulosa
1440 2690 1554 2734 intus
1581 2691 1817 2735 medullosa
1842 2705 1920 2749 per

226 2751 427 2799 articuios
454 2755 627 2797 demum
654 2742 950 2808 irregulariter
976 2751 1179 2794 secedens
1196 2749 1347 2793 loculis
1374 2750 1688 2807 monospermis
1703 2764 1780 2807 per
1798 2750 1919 2807 paria

226 2813 455 2871 dispositis.
510 2810 724 2868 Stigmatis
751 2809 837 2853 lobi
864 2809 1150 2866 divergentes.
1203 2808 1375 2852 Semina
1401 2809 1585 2865 oblonga
1616 2808 1913 2852 crassiuscula.

225 2871 501 2929 Cotyledones
539 2869 849 2912 incumbentes.
878 2893 937 2900 --
962 2867 1116 2912 Herbae
1157 2867 1469 2925 monocarpicae
1509 2867 1727 2911 ssavissorae
1771 2867 1915 2911 rarius
