2021 3235
1066 93 1151 136 432

259 202 430 258 partita,
468 202 695 245 filamentis
730 201 938 253 deciduis,
976 202 1160 258 capsulis
1186 202 1346 258 glabris
1381 203 1507 260 longe
1534 203 1732 262 stipitatis
1758 206 1948 251 obovatis
2020 191 2021 233 Ῐ

259 261 349 304 basi
378 260 605 304 attenuatis
632 260 750 317 apice
778 260 1007 303 constricto
1025 260 1212 303 breviter
1228 261 1410 304 dentatis
1430 262 1506 313 ΘῩ
1533 262 1589 305 lc.
1613 263 1727 307 Mull.
1749 264 1820 322 fig.
1844 265 1944 309 104.

318 333 419 370 Hab.
444 332 482 369 in
506 330 655 378 Persia,
679 334 805 369 tractu
827 330 1043 379 Karadagh
1060 342 1172 379 prov.
1198 330 1443 380 AderbidJan
1467 330 1615 382 (Buhse
1631 334 1672 384 l),
1696 335 1746 373 ad
1771 335 1948 374 Schurab

259 393 361 431 inter
384 390 554 439 Ispahan
581 393 619 427 et
641 389 823 428 Teheran
854 388 1007 441 (Bunge
1023 382 1066 441 l).

316 460 456 497 Planta
479 459 562 497 basi
593 458 786 506 indurata,
811 470 860 495 au
884 450 1097 506 perennis?
1120 458 1272 506 pedalis
1298 459 1359 496 vel
1385 460 1691 509 sesquipedaliS,
1717 461 1810 501 folia
1843 475 1948 501 cras—

257 519 430 557 siuscula
453 518 593 556 obtusa
632 530 718 556 cum
755 518 901 566 petiolo
929 513 1064 571 1¹s2-2
1089 515 1298 566 pollicaria
1322 518 1473 567 majora
1494 515 1577 559 4-5
1603 520 1727 559 lineas
1760 523 1851 570 lata,
1879 535 1940 560 ra-

256 590 388 618 cemus
412 577 590 616 fructifer
618 577 869 625 semipedalis
897 580 934 615 et
959 578 1136 627 longior,
1162 577 1279 615 flores
1305 579 1464 626 magnit.
1505 578 1550 618 R.
1584 580 1707 627 luteoe,
1737 583 1897 630 capsula
1921 581 1949 621 5

256 639 379 676 lineas
405 638 522 688 longa
545 637 677 686 stipite
702 637 807 674 tenui
830 637 942 674 liueae
968 633 1024 688 3s4
1054 637 1184 686 longo‘
1200 638 1371 675 suffulta.
1410 637 1541 687 Stipes
1581 641 1621 677 in
1661 642 1874 689 specimine
1899 643 1948 680 cl.

257 697 388 736 Buhse
412 697 583 736 brevior.

315 874 376 916 R.
404 872 721 916 Buhseana
747 868 799 925 (J.
831 868 945 911 Miill.
977 867 1066 909 Bot.
1087 866 1189 909 Zeit.
1215 864 1346 918 1856,
1375 879 1416 922 p.
1438 864 1529 923 36).
1561 867 1821 922 glaberrima
1838 870 1949 911 mul-

259 932 404 988 ticeps,
434 929 625 973 caulibus
652 927 826 983 virgatis
853 925 1053 969 tenuibus
1080 924 1224 967 stricte
1253 924 1432 967 ramosis
1450 925 1607 968 striatis
1625 939 1750 982 parce
1770 926 1946 981 foliosis,

256 991 366 1034 foliis
393 988 592 1032 omnibus
619 987 796 1044 integris
824 983 1194 1042 glaucescentibus
1220 983 1732 1041 lineari-subspathulatis
1760 986 1949 1042 superio-

257 1049 377 1092 ribus
413 1047 630 1104 angustis,
670 1045 848 1088 floribus
892 1042 1107 1100 pedicellis
1143 1042 1203 1085 eis
1238 1041 1505 1098 longioribus
1539 1042 1721 1087 suffultis
1758 1058 1950 1089 racemos

256 1110 406 1164 longos
446 1107 561 1149 laxos
602 1112 750 1147 tenues
792 1102 1093 1153 formantibus,
1129 1100 1282 1157 sepalis
1309 1101 1765 1157 oblongo-lanceolatis
1793 1104 1951 1147 corolla

257 1165 622 1222 sublongioribus3
650 1162 800 1220 petalis
827 1160 1123 1218 superioribus
1150 1160 1201 1203 ad
1229 1159 1419 1202 medium
1443 1161 1486 1203 in
1504 1159 1529 1203 9
1546 1161 1723 1204 lacinias
1745 1162 1949 1219 oblongas

257 1225 523 1282 subaequales
551 1222 715 1280 partitis
734 1258 743 1275 ,
785 1220 1012 1264 filamentis
1045 1218 1263 1271 deciduiS,
1292 1219 1409 1262 disco
1451 1220 1599 1276 glabro
1633 1220 1951 1265 suborbiculato

256 1298 409 1343 parum
437 1282 699 1335 excentrico,
728 1279 912 1338 capsulis
940 1278 1097 1322 strictis
1130 1277 1288 1334 glabris
1315 1278 1456 1335 parvis
1484 1278 1674 1322 obovatis
1701 1294 1776 1323 ore
1803 1287 1950 1337 aperto

256 1344 444 1388 breviter
470 1340 735 1394 tridentatis,
778 1338 941 1382 semine
982 1337 1061 1381 sub
1088 1338 1200 1380 lente
1227 1336 1366 1380 valido
1393 1337 1607 1381 subtiliter
1633 1340 1837 1395 ruguloso
1874 1347 1910 1389 26
1931 1340 1951 1382 ⁶?

315 1415 421 1452 Hab.
447 1413 486 1450 in
509 1412 705 1449 montibus
738 1410 885 1447 Persiae
903 1408 1123 1454 orientalis,
1150 1407 1201 1444 ad
1236 1419 1381 1456 pagum
1415 1407 1510 1445 Taff
1536 1420 1659 1458 prope
1686 1409 1795 1447 Yezd
1835 1413 1874 1448 et
1897 1410 1949 1448 ad

258 1476 357 1514 Ssou
380 1483 505 1522 prope
527 1471 695 1520 Ispahan
718 1468 926 1519 (Buhsel),
954 1479 1078 1517 prope
1102 1467 1289 1515 Kerman,
1315 1467 1416 1505 inter
1438 1466 1607 1505 Kohend
1630 1473 1668 1507 et
1691 1469 1890 1520 Kaschan,
1910 1470 1948 1507 in

258 1546 370 1585 prov.
394 1532 622 1570 Kliorassan
646 1530 746 1567 inter
768 1528 945 1567 Scharud
971 1531 1009 1565 et
1031 1527 1260 1576 Nischapur
1283 1526 1423 1576 (forma
1457 1527 1560 1566 foliis
1593 1529 1757 1567 caulinis
1789 1529 1944 1568 inferio-

258 1596 366 1633 ribus
388 1592 596 1631 latioribus
620 1587 1062 1638 oblongo-lanceolatis)
1085 1586 1238 1638 (Bunge
1254 1581 1302 1638 l).

315 1663 455 1700 Planta
478 1658 560 1699 1-2
584 1658 738 1708 pedalis
761 1656 1019 1706 probabiliter
1042 1656 1216 1705 dumosa,
1242 1655 1337 1694 folia
1361 1655 1511 1705 majora
1532 1656 1750 1707 pollicaria‚
1767 1668 1945 1696 racemus

257 1722 405 1761 florifer
426 1719 502 1760 25
532 1718 731 1768 pollicaris
766 1716 942 1754 fructifer
963 1713 1039 1756 6-9
1064 1716 1278 1764 pollicaris,
1304 1715 1465 1764 capsula
1489 1713 1517 1755 5
1541 1716 1664 1754 lineas
1695 1718 1825 1765 longa.
1849 1716 1947 1765 Spe-

258 1784 337 1821 cies
353 1781 518 1830 insignis
536 1779 669 1817 habitu
694 1776 935 1825 spartioideo
961 1780 1000 1813 et
1021 1776 1131 1814 disco
1158 1775 1447 1814 suborbiculari
1473 1786 1615 1813 nexum
1635 1776 1685 1814 ad
1708 1788 1832 1825 genus
1862 1774 1946 1814 Ho-

258 1840 515 1881 malodiseum
538 1839 730 1888 praebens.

842 1969 865 1991 ἃ
898 1969 921 1991 ³⁹
954 1969 1113 2008 Semina
1130 1968 1352 2007 laevissima.

859 2093 891 2145 †
921 2093 1140 2132 Filamenta
1161 2092 1339 2131 decidua.

309 2223 371 2266 R.
398 2222 736 2265 tomentosa
777 2216 928 2274 (Boiss.
958 2216 1108 2272 Diagn.
1145 2215 1237 2259 Ser.
1268 2215 1312 2269 I,
1342 2215 1376 2270 I,
1413 2229 1455 2273 p.
1491 2216 1554 2274 4).
1597 2223 1685 2260 tota
1715 2217 1943 2275 papilloso-

251 2280 416 2324 hirsuta
441 2278 607 2336 grisea,
648 2277 767 2321 caule
795 2277 904 2320 elato
932 2274 1224 2331 subsimplici,
1266 2273 1379 2319 foliis
1412 2275 1942 2334 lanceolato-spathulatis

251 2338 343 2383 basi
369 2337 579 2396 pinnatim
612 2335 779 2394 partitis
803 2334 972 2378 laciniis
997 2333 1245 2377 lateralibus
1271 2334 1405 2377 multo
1422 2333 1663 2378 minoribus
1688 2334 1941 2391 linearibus,

250 2397 429 2441 floribus
455 2395 704 2439 brevissime
726 2392 989 2451 pedicellatis
1006 2405 1227 2436 racemum
1243 2392 1425 2436 densum
1442 2392 1731 2451 spiciformem
1749 2394 1942 2439 strictum

247 2454 529 2500 formantibus
555 2453 834 2511 heptameris,
863 2451 1017 2510 sepalis
1051 2451 1475 2509 lineari-spathulatis
1502 2453 1706 2496 corollam
1732 2454 1940 2511 aequanti-

246 2515 343 2568 bus,
370 2513 521 2572 petalis
548 2511 843 2570 superioribus
869 2512 922 2554 ad
948 2510 1069 2554 basin
1106 2524 1242 2568 usque
1274 2509 1411 2554 13-15
1438 2510 1605 2568 partitis
1631 2511 1826 2556 lacinulis
1862 2527 1937 2556 an-

246 2580 368 2630 guste
393 2571 629 2615 linearibus
656 2569 910 2614 intermedia
939 2570 1108 2623 latiore,
1136 2569 1321 2627 capsulis
1340 2569 1497 2614 strictis
1516 2569 1676 2627 glabris
1701 2571 1941 2629 pyrisormi-

246 2631 435 2676 obovatis
462 2631 540 2674 sub
568 2629 687 2687 apice
714 2635 836 2673 acute
862 2628 1093 2672 tridentato
1117 2627 1358 2672 constrictis
1385 2630 1456 2685 (D.
1497 2628 1554 2672 lc.
1585 2628 1698 2672 Mull.
1728 2629 1801 2688 fig.
1834 2629 1934 2675 105.

304 2704 406 2741 Hab.
431 2702 469 2740 iu
486 2697 743 2750 Cappadocia
758 2700 808 2738 ad
833 2699 1074 2748 Euphratem
1106 2697 1245 2752 (Auch.
1271 2710 1354 2737 exs.
1381 2696 1556 2750 26161).

306 2769 438 2808 Cauiis
465 2763 600 2822 1-11]2
632 2766 802 2815 pedalis,
838 2766 1009 2815 capsulae
1046 2768 1084 2803 et
1114 2765 1264 2804 semina
1288 2768 1441 2804 matura
1473 2756 1623 2815 ignote.
1655 2767 1763 2805 Inter
1799 2767 1938 2806 affines

245 2830 406 2868 fioribus
429 2827 666 2876 heptameris
691 2838 763 2865 nec
784 2825 1019 2876 hexameris,
1046 2825 1242 2864 divisione
1266 2824 1446 2864 foliorum
1471 2829 1511 2864 et
1541 2826 1761 2875 petalorum
1786 2826 1937 2866 laciniis

246 2887 424 2938 angustis
447 2886 646 2926 notabilia.
