2021 3235
1061 136 1145 180 606

255 248 275 276 e
303 231 392 275 basi
418 232 565 274 latiore
595 231 716 285 longe
740 228 962 281 subulam,
992 227 1210 270 fructifero
1228 227 1611 283 oblongo-clavato,
1640 229 1798 274 lamina
1820 234 1940 276 rosea

253 291 304 335 ad
333 290 518 333 medium
547 288 760 345 bipartita,
789 300 957 330 coronae
985 285 1148 329 laciniis
1177 285 1411 329 linearibus
1435 287 1737 343 acutiusculis,
1767 291 1939 346 capsula

253 353 371 393 ovata
398 349 662 404 carpophoro
692 346 819 402 duplo
855 345 1044 401 longiore
1080 346 1219 402 calyce
1255 344 1468 399 breviore,
1514 346 1750 391 seminibus
1777 348 1937 391 tenuis-

255 409 358 451 sime
387 406 597 462 rugulosis
626 411 688 456 Θ.

309 471 407 508 Hab.
436 472 470 506 in
499 466 777 516 Mesopotamia
798 466 897 503 inter
922 464 1016 504 Orfa
1038 469 1075 503 et
1098 465 1248 503 Suerek
1276 465 1358 516 (Ky
1382 476 1464 503 exs.
1490 463 1543 505 91
1565 464 1613 514 l),
1650 468 1750 505 inter
1785 469 1937 508 Mai-din

254 534 291 567 et
312 529 457 566 Mossul
482 523 605 578 (Ky!)‚
640 527 677 563 in
714 525 848 562 Persia
881 525 1043 562 australi
1070 522 1212 576 (Auch.
1242 537 1323 563 exs
1358 518 1525 576 4225l)
1552 529 1589 563 et
1613 527 1926 566 boreali-orien-

252 589 319 625 tali
344 588 394 626 ad
419 586 619 626 Schahrud
642 585 793 635 (ssunge
812 582 859 635 l).
1655 629 1667 635 ἡ

311 647 447 685 Planta
469 645 496 686 6
517 643 543 684 8
565 645 760 693 pollicaris
786 643 931 690 stricta,
958 642 1052 680 solia
1070 643 1224 681 caulina
1247 647 1417 692 angusta
1440 655 1542 692 saepe
1569 645 1788 695 pollicaria,
1816 647 1930 696 calyx

252 704 334 744 5-6
351 707 472 744 lineas
498 706 646 752 longus.
671 704 704 741 A
730 703 880 741 caeteris
905 702 1035 750 gregis
1059 702 1208 750 calycis
1226 703 1408 741 dentibus
1424 703 1618 751 elongatis
1642 705 1832 743 subulatis
1856 707 1934 744 dis-

251 766 392 817 tincta3
416 764 567 803 accedit
596 774 749 812 quoque
773 762 821 799 ad
848 761 887 800 S.
918 761 1178 810 muscipulam
1201 763 1337 811 calyce
1362 761 1563 801 fructifero
1588 764 1702 811 apice
1728 768 1929 804 contracto

254 826 302 863 ab
328 826 375 862 ea
400 827 599 862 remotam.

307 888 351 941 β.
397 886 593 928 modesta.
637 883 790 926 Dentes
833 882 986 940 calycis
1028 882 1329 926 subbreviores
1366 884 1581 941 capsulam
1618 899 1771 942 parum
1809 900 1933 944 supe-

252 954 406 988 rantes.
438 944 483 987 S.
510 943 692 985 modesta
722 941 853 983 Boiss.
886 948 924 983 et
952 941 1009 983 Bl.
1042 941 1084 983 in
1114 941 1244 984 Boiss.
1276 941 1424 998 Diagn.
1455 942 1544 986 Ser.
1577 943 1630 997 ll,
1658 944 1727 998 VI,
1757 958 1797 1002 p.
1829 943 1899 988 33.

308 1008 407 1045 Hab.
430 1007 467 1043 in
489 1006 602 1054 Syria
625 1015 749 1053 prope
768 1004 980 1052 Berythum
1006 1003 1069 1053 (Bl
1089 1001 1139 1054 l).

308 1067 366 1103 Ex
391 1066 503 1103 unico
527 1064 736 1113 specimine
761 1062 853 1100 mihi
878 1066 981 1110 nota,
1007 1062 1082 1100 huc
1099 1066 1228 1100 tamen
1251 1067 1432 1111 spectare
1449 1064 1616 1103 videtur.

307 1152 346 1190 y.
374 1130 568 1186 pittodesn
601 1127 736 1169 Minor
761 1125 840 1169 3-4
865 1125 1093 1183 pollicaris‚
1123 1126 1423 1180 viscosissima‚
1454 1127 1561 1170 rami
1589 1129 1839 1185 abbreviati,
1859 1146 1931 1189 pe-

251 1188 422 1231 dunculi
448 1187 586 1244 calyce
614 1185 844 1228 breviores.
877 1185 923 1228 S.
945 1186 1124 1241 pitlodes
1152 1185 1322 1228 Bienert
1349 1186 1392 1228 in
1420 1186 1563 1242 Bunge
1591 1189 1648 1244 pl.
1679 1202 1766 1232 exs.

306 1252 404 1288 Hab.
429 1252 466 1286 in
494 1250 627 1286 Persia
649 1249 698 1285 ad
721 1248 895 1286 Schuralo
920 1248 1019 1285 inter
1043 1248 1212 1296 Ispahan
1230 1252 1268 1286 et
1285 1248 1469 1286 Teheran
1496 1245 1649 1302 (Bunge
1665 1249 1711 1301 l).

784 1399 951 1444 SERIES.
983 1400 1027 1443 B.
1058 1427 1117 1433 -—
1147 1401 1374 1445 Peremzes.

811 1524 831 1581 ᾗ
863 1523 933 1567 12.
969 1525 1342 1581 Ampullatae.

302 1651 351 1695 S.
370 1649 696 1705 ampullata
723 1646 872 1702 (Boiss.
904 1647 1051 1703 Diagn.
1081 1647 1170 1691 Ser.
1202 1648 1235 1701 Ι,
1258 1648 1291 1702 1,
1310 1662 1352 1705 p.
1375 1647 1446 1705 26)
1473 1648 1659 1692 breviter
1686 1649 1813 1704 hirta,
1837 1651 1924 1694 basi

244 1710 541 1754 suffi‘utescens
569 1706 838 1759 multicauliS,
877 1707 1070 1749 caulibus
1098 1707 1269 1763 pumilis
1297 1707 1579 1764 simplicibus,
1620 1709 1798 1766 cymulis
1827 1710 1926 1752 sub-

244 1768 460 1811 sessilibus
487 1765 557 1809 3-5
584 1765 699 1807 sso‘ris
728 1778 941 1807 racemum
977 1766 1208 1822 oblongum
1244 1766 1334 1808 basi
1368 1780 1478 1823 saepe
1516 1766 1802 1824 interruptum
1841 1769 1926 1811 for-

242 1826 470 1877 mantibus,
500 1824 608 1866 foliis
635 1823 877 1866 lanceolatis
905 1823 1036 1866 acutis
1065 1838 1281 1867 ramorum
1309 1824 1519 1867 sterilium
1547 1826 1748 1868 confertis
1768 1840 1923 1882 angus-

244 1886 419 1928 lioribus
446 1883 627 1925 caulium
659 1882 852 1934 remotis,
898 1883 1039 1939 calyce
1082 1883 1409 1926 membranaceo
1450 1883 1636 1926 breviter
1677 1885 1924 1941 pubescenti

243 1943 634 1986 reticulato-venosi]
662 1954 734 1983 ore
763 1941 906 1982 clauso
934 1941 1082 1984 obtuse
1110 1948 1150 1984 el
1176 1941 1353 1984 brevitei
1388 1943 1584 1995 dentato,
1620 1943 1837 1998 unguibus
1864 1944 1923 1986 la—

242 2003 310 2055 tis,
341 2000 492 2044 lamina
517 2000 557 2041 in
585 1998 756 2041 lacinias
786 2000 930 2054 longas
958 2006 1134 2055 anguste
1162 2000 1344 2043 lineares
1363 2000 1580 2057 bipartita,
1610 2006 1768 2044 corona
1786 2001 1924 2057 bigih-

242 2061 368 2113 bosa,
411 2059 577 2114 capsula
625 2060 749 2114 parva
791 2057 1201 2101 submembranacea
1243 2060 1510 2115 carpophoro
1560 2059 1801 2116 aequilongo
1837 2061 1923 2103 suf-

242 2120 342 2161 fulta
381 2127 436 2167 26.

300 2182 397 2218 Hab.
424 2180 460 2215 in
485 2177 735 2227 Cappadocia
758 2178 936 2216 orientali
960 2178 1102 2229 (Auch.
1128 2190 1212 2216 exs.
1237 2176 1376 2231 4910,
1399 2179 1436 2217 in
1461 2179 1649 2218 Armenia
1674 2180 1924 2219 meridionali

240 2251 363 2288 prope
387 2239 541 2284 Karput
564 2237 665 2288 (No'e
685 2237 726 2287 l).
751 2237 809 2275 Fl.
830 2240 912 2274 aest.

293 2299 431 2336 Caules
454 2294 528 2335 5-7
556 2298 775 2345 pollicares,
802 2297 944 2334 racemi
972 2292 1076 2350 ¹s2-2
1098 2297 1333 2345 pollicares,
1358 2299 1474 2347 calyx
1501 2296 1558 2337 10
1588 2298 1746 2336 nervius
1773 2299 1920 2337 florifer

229 2356 259 2396 4
283 2359 402 2395 lineas
427 2358 565 2406 longus
588 2352 667 2407 1¹s2
692 2357 806 2404 latus,
832 2355 1008 2394 fructifer
1032 2355 1107 2396 6-7
1132 2357 1255 2396 lineas
1278 2359 1433 2406 longus.
1457 2357 1627 2406 capsula
1646 2355 1673 2395 2
1692 2358 1815 2396 lineas
1837 2362 1917 2396 tan-

230 2421 309 2454 tum
333 2418 462 2465 longa,
488 2427 619 2453 semen
644 2427 823 2462 magnum
848 2415 1093 2454 immaturum
1116 2419 1263 2456 tantum
1289 2418 1424 2455 visum.
1449 2416 1611 2466 Species
1643 2418 1807 2465 capsula
1838 2430 1915 2456 mo·

231 2476 438 2524 nosperma
459 2474 715 2513 indehiscenti
740 2474 919 2522 insignis.

877 2595 896 2652 ἓ
929 2593 1000 2639 13.
1037 2596 1259 2642 Otiteae.

719 2703 743 2725 ÷÷
775 2704 912 2744 Petala
937 2705 1091 2755 integra
1115 2719 1191 2745 non
1218 2711 1420 2749 coronata.

954 2814 981 2861 †
1014 2813 1178 2852 Dioicae.

288 2923 337 2966 S.
371 2923 556 2967 Otites
598 2923 660 2978 (L.
692 2923 758 2978 Sp.
790 2921 876 2965 594
902 2923 979 2966 sub
1010 2922 1240 2979 cambato)
1269 2925 1434 2968 inferne
1462 2926 1644 2984 crispule
1673 2928 1913 2984 pubescens
