2021 3235
1027 91 1112 135 430

227 184 425 240 longiori,
456 183 607 240 sepalis
634 182 1056 226 lineari—lanceolatis
1084 184 1220 240 petala
1242 184 1356 226 lutea
1373 183 1659 240 aequantibus,
1688 184 1915 227 filamentis

228 243 389 285 minute
426 241 658 299 asperulis,
695 243 864 298 capsula
902 246 1039 285 erecta
1077 242 1408 298 ovato-oblonga
1441 241 1667 285 tridentata
1695 244 1749 298 Q)
1777 242 1910 285 Rchb.

227 302 253 344 s.
284 301 414 403 ἐξῆἓὸἵ.
444 301 561 358 Jacq.
599 301 739 343 Austr.
772 301 856 343 tab.
888 299 987 344 353.
1025 301 1076 344 R.
1115 300 1354 357 orthostyla
1386 299 1430 344 C.
1471 301 1586 344 Koch
1620 301 1741 345 Linn.
1780 300 1910 355 1845,

227 375 267 417 p.
397 394 405 402 .

284 432 385 469 Hab.
409 430 552 479 ubique
572 430 610 467 in
636 429 750 468 cultis
775 434 813 467 et
837 429 1034 468 derelictis
1055 442 1077 467 a
1101 429 1256 468 Graecia
1281 430 1331 467 ad
1355 441 1469 478 prov,
1495 429 1742 476 Caucasicas‚
1762 429 1916 479 Syriam

227 495 266 528 et
290 491 540 528 Palaestinam
566 487 758 541 (Bovel),
785 489 958 527 Persiam
985 490 1183 527 borealem
1205 493 1241 527 et
1268 489 1477 528 australem
1503 486 1618 542 (Kyl
1645 484 1915 540 Auchl).F1.

226 555 308 589 aest.

286 618 449 658 Multum
475 618 601 657 variat
624 617 759 654 viridis
784 617 845 654 vel
870 616 1140 665 glaucescenS,
1165 617 1332 655 flaccida
1348 618 1410 654 vel
1428 617 1565 656 stricta
1587 621 1625 655 et
1649 618 1792 666 rigida,
1811 617 1916 655 foliis

227 680 348 717 semel
372 679 433 716 vel
467 679 525 716 bis
551 677 731 724 ternatis,
757 677 910 715 laciniis
938 677 1025 724 plus
1051 677 1225 714 minusve
1247 677 1448 725 angustis,
1476 677 1648 726 capsulis
1673 676 1820 724 glabris
1844 676 1909 714 vel

227 740 277 777 ad
299 739 464 787 angulos
487 736 704 786 papillosiS,
731 736 1147 785 oblongo-cylindricis
1171 737 1233 773 vel
1259 736 1498 775 abbreviatis
1524 737 1719 784 oblongis.

286 804 333 857 β.
363 806 537 844 nutans.
571 799 751 856 Capsula
777 799 1015 841 subnutans
1041 799 1105 841 vel
1130 799 1332 855 pendula.
1372 798 1423 841 R.
1460 800 1607 843 clausa
1639 799 1775 842 Rchb.
1815 798 1913 841 Mss.

229 862 272 904 in
302 860 416 903 Mull.
450 860 560 902 Mon.
591 873 632 916 p.
664 857 763 901 4902.

287 932 388 970 Hab.
416 932 453 968 in
481 932 616 969 Persia
641 929 767 980 (herb.
792 928 902 967 Rchb
919 926 959 981 !),
987 939 1108 977 prope
1133 928 1315 966 Teheran
1343 928 1427 980 (ΚΥ
1449 941 1529 967 exs.
1561 924 1687 981 551),
1716 928 1816 966 inter
1841 928 1917 966 Te-

228 992 351 1030 heran
377 995 413 1029 et
444 991 600 1038 Tabris,
624 1001 749 1038 prope
774 989 965 1037 Ispahan,
989 989 1082 1026 etin
1107 1000 1216 1036 prov.
1240 988 1474 1026 Khorassan
1502 988 1708 1039 (Bungel).

285 1058 450 1096 Videtur
474 1069 580 1094 mera
604 1057 768 1094 variatio
794 1055 837 1094 R.
862 1056 972 1094 luteae
996 1056 1160 1103 quacum
1192 1054 1485 1094 characteribus
1523 1056 1703 1094 foliorum
1733 1059 1770 1093 et
1796 1054 1918 1094 caulis

228 1119 387 1156 omnino
421 1116 613 1165 congruit.

286 1184 365 1225 Ar.
398 1184 561 1234 Geogr.
597 1185 757 1233 Europa
779 1184 907 1222 media
933 1188 971 1221 et
996 1184 1191 1221 australis.
1217 1183 1354 1222 Africa
1378 1184 1566 1222 borealis.

285 1360 345 1402 R.
373 1358 663 1402 Kahirina
691 1357 824 1413 (Mull.
849 1356 958 1399 Mon
981 1370 1020 1412 p.
1045 1354 1166 1411 176),
1196 1355 1472 1412 glaberrima,
1502 1354 1612 1398 foliis
1639 1354 1917 1398 inferioribus

227 1425 268 1461 et
304 1416 571 1460 intermediis
610 1416 877 1459 lanceolato-
891 1414 1142 1472 spathulatis
1178 1414 1356 1471 integris
1392 1414 1687 1472 superioribus
1720 1414 1915 1466 ternans,

227 1476 408 1520 racemis
434 1475 696 1529 laxiusculis,
724 1474 939 1532 pedicellis
967 1473 1071 1516 ssoie
1098 1473 1382 1530 longioribus,
1412 1473 1567 1531 sepalis
1592 1473 1762 1516 lineari·
1765 1473 1916 1516 oblon-

222 1535 286 1593 gis
323 1535 526 1578 c01ollam
559 1511 698 1577 albani
741 1532 1118 1598 subaequantibUS,
1162 1534 1399 1590 petalorum
1438 1532 1711 1590 superiorum
1746 1531 1917 1575 laciniis

223 1594 469 1638 lateralibus
497 1592 738 1637 semiovatis
765 1590 1011 1649 profunde
1002 1590 1163 1644 incisis,
1182 1591 1409 1635 filamentis
1426 1591 1602 1649 glabris,
1622 1591 1794 1648 capsula
1811 1590 1919 1634 obo—

223 1656 317 1697 vala
344 1652 491 1709 glabra
519 1651 707 1695 breviter
734 1651 962 1694 tridentata
989 1663 1063 1693 ore
1091 1650 1403 1694 subconstricta
1435 1656 1502 1703 Θ.

282 1724 439 1762 Hab.1n
466 1726 595 1761 monte
620 1722 836 1760 Mokattam
860 1720 910 1758 ad
934 1720 1123 1758 Kahiram
1142 1721 1310 1770 AEgypti
1335 1720 1419 1771 (Ky
1444 1732 1526 1759 exs.
1553 1718 1695 1769 5541).

284 1792 439 1830 Pedalis
464 1792 526 1830 vel
551 1792 703 1840 elatior,
730 1790 852 1829 facies
875 1788 920 1828 R.
944 1789 1135 1828 Balansae.

282 1855 342 1910 βῗ
369 1854 589 1897 Boissierz'
621 1852 827 1905 Humilis,
867 1852 966 1895 folia
993 1851 1236 1905 obtusiora,
1274 1851 1441 1895 laciniae
1478 1850 1675 1909 calycinae
1709 1851 1915 1907 oblongo-

224 1914 492 1970 spathulatae,
527 1913 708 1969 capsulae
747 1910 987 1968 (juniores)
1025 1924 1099 1954 ore
1135 1912 1216 1954 late
1252 1917 1425 1967 apertae
1466 1909 1516 1953 R.
1558 1910 1762 1953 Boissierz‘
1797 1910 1911 1952 Mull.

225 1972 336 2016 Mon.
368 1986 408 2029 p.
441 1950 542 2025 17'5,
572 1972 645 2028 fig
677 1969 778 2013 117

282 2044 384 2080 Hab.
410 2043 447 2079 in
474 2042 651 2090 AEgypto
677 2041 778 2078 inter
799 2039 987 2077 Kahiram
1011 2043 1049 2077 et
1076 2038 1175 2078 Suez
1202 2032 1393 2089 (Boissl).

283 2110 345 2147 Ex
369 2110 481 2147 unico
508 2107 721 2156 specimine
745 2106 918 2144 florifero
944 2106 1160 2155 descripta,
1186 2118 1233 2144 ex
1258 2106 1364 2145 claro
1396 2109 1557 2145 auctore
1587 2117 1610 2142 a
1643 2105 1688 2144 R.
1722 2105 1916 2146 Kahirind

225 2170 372 2218 sepalis
396 2167 629 2217 spathulatis
663 2170 701 2205 et
725 2165 886 2214 capsula
909 2165 1141 2204 abbreviata
1168 2166 1281 2214 apice
1310 2177 1387 2203 non
1425 2164 1640 2204 constricta
1664 2166 1819 2203 diversa
1844 2167 1915 2205 sed

224 2229 300 2267 illae
325 2232 426 2268 notae
450 2227 581 2265 forsan
605 2239 653 2265 ex
680 2230 783 2265 statu
808 2225 956 2275 juniori
981 2224 1206 2274 speciminis
1231 2228 1326 2263 ortae
1357 2229 1457 2264 sunt.
1482 2224 1620 2262 Patala
1636 2224 1796 2276 eadem3
1815 2225 1916 2264 inter

223 2289 358 2327 affines
382 2287 535 2327 laciniis
558 2286 788 2335 profundius
811 2285 944 2324 incisis
968 2284 1171 2323 notabilia.

281 2460 342 2502 R.
371 2458 686 2514 globulosa
713 2454 853 2511 (Fisch
881 2461 922 2497 et
949 2454 1054 2512 Mey
1076 2454 1167 2497 Ind.
1190 2454 1239 2497 IV
1267 2454 1436 2519 Petrop3
1467 2454 1591 2498 Linn.
1612 2455 1687 2498 XII
1697 2470 1767 2513 ,.p
1789 2455 1909 2514 167).

222 2517 510 2574 glabliuscula
537 2517 661 2568 elata,
691 2513 802 2557 foliis
830 2512 903 2556 3-
882 2526 907 2555 o
926 2512 1273 2570 partitislaciniis
1292 2513 1565 2570 superioium
1583 2522 1761 2571 anguste
1780 2515 1913 2558 linea—

224 2577 360 2629 ribus,
390 2574 571 2618 racemis
599 2572 841 2616 laxiusculis
869 2573 1043 2615 demum
1078 2571 1307 2628 elongatis,
1344 2572 1559 2629 pedicellis
1594 2573 1699 2616 ssore
1736 2581 1777 2616 et
1816 2588 1914 2631 cap-

222 2636 314 2678 sula
339 2633 621 2690 longioribus,
642 2631 796 2688 sepalis
813 2631 1014 2696 oblongo·
1000 2630 1260 2673 -lanceolatis
1278 2631 1437 2674 corolla
1454 2632 1711 2675 ochroleuca
1737 2631 1914 2676 dimidio

221 2693 506 2745 biexioribus,
536 2691 774 2748 petalorum
803 2690 1076 2746 superioium
1104 2689 1269 2732 laciniis
1294 2688 1540 2733 lateralibus
1566 2690 1793 2747 repandis,
1822 2691 1914 2735 fila-

222 2752 376 2795 mentis
426 2728 609 2807 glabris,
658 2748 840 2805 capsulis
889 2748 1028 2805 parvis
1076 2747 1228 2791 erectis
1278 2747 1437 2805 glabris
1484 2748 1690 2805 globoso·
1703 2749 1914 2807 depressis

222 2810 467 2854 sexsulcatis
508 2809 586 2853 sub
622 2821 696 2851 ore
732 2813 854 2850 acute
889 2806 1117 2850 tridentato
1150 2813 1264 2850 arcte
1301 2805 1539 2850 constrictis
1579 2813 1645 2860 Q).
1694 2807 1750 2851 lc.
1796 2808 1908 2852 Mull.

222 2866 428 2926 fig.190.
