2021 3235
924 151 1008 196 699

123 246 316 296 delphiam
341 250 379 285 et
401 246 569 285 Cadmus
594 258 712 295 supra
734 247 937 286 Colossam
960 247 1089 297 (Boiss
1104 245 1148 298 l),
1176 251 1324 285 montes
1349 247 1508 285 Stavros
1531 252 1568 285 et
1592 249 1804 286 Boudroun

123 306 278 403 Ξεὶᾶίεε
300 302 497 358 (Heldrl),
523 317 634 343 mons
651 306 878 355 Berytdagh
904 306 1102 345 Cataoniae
1125 307 1191 344 alt.
1218 304 1351 346 7000’
1366 305 1551 346 -10000'
1571 308 1745 356 (Haussk
1761 307 1803 359 !).

173 393 183 404 .
209 368 291 404 aest.

182 432 299 481 Scapi
323 444 343 471 e
367 432 514 480 cespite
538 432 604 469 vix
629 433 785 482 exserti,
812 432 907 471 folia
930 431 1005 472 5--4
1029 433 1152 470 lineas
1175 433 1292 480 longa
1315 431 1342 471 2
1368 433 1470 481 lata,
1496 433 1608 480 calyx
1633 431 1660 470 2
1685 434 1806 470 lineas

123 494 274 541 longUS,
301 492 461 540 capsula
486 494 689 529 crustacea
711 495 839 529 ovata.
863 490 1008 540 Calyce
1031 492 1116 530 basi
1143 491 1396 529 subindurato
1422 492 1621 529 transitum
1648 492 1696 528 ad
1717 504 1802 539 gre-

126 563 213 602 gem
238 551 522 600 praecedentem
550 550 709 598 praebet.

180 617 224 671 β.
256 614 540 670 Kotschyana.
571 613 686 656 Folia
722 613 876 670 srepius
912 614 1059 668 glabra
1096 614 1327 656 lanceolata
1365 614 1427 655 vel
1462 613 1638 655 linearia
1668 613 1805 655 nervis

125 674 271 717 subtus
298 672 734 730 prominentioribus‚
765 671 878 728 scapi
907 671 985 714 2-5
1012 671 1133 724 flori,
1164 671 1356 728 pedicclli
1385 671 1621 727 pollicarcs,
1652 671 1804 727 calycis

124 732 278 789 saepius
305 730 440 787 glabri
467 731 607 787 sepala
635 729 835 773 elevatius
862 729 1065 773 carinata.
1096 730 1148 772 A.
1171 729 1444 785 Kotschycma
1471 729 1593 772 Fcnzl
1618 729 1659 771 in
1680 729 1800 771 lluss.

125 791 239 834 Reis.
270 789 323 842 ll,
353 803 394 846 p.
425 788 510 832 930
539 787 708 846 (1843).

183 853 282 891 Hab.
310 852 348 889 in
373 852 534 900 rupibus
568 851 689 889 Tauri
713 850 861 889 Cilicici
886 851 936 888 ad
961 848 1088 887 Gulek
1111 853 1148 887 et
1171 850 1288 898 Pylas
1312 848 1495 887 Cilicicas
1524 845 1630 900 (Kyl
1656 842 1748 886 Bal!
1775 853 1802 895 )‚

123 913 160 950 in
183 912 340 960 regione
362 911 494 959 alpina
518 922 635 959 supra
656 909 829 958 Bulghar
856 908 1022 947 Maaden
1049 905 1184 959 (Ball)
1212 909 1336 948 forma
1361 909 1566 947 transitum
1590 908 1637 945 ad
1665 911 1799 956 typum

123 971 318 1020 praebens.

180 1108 241 1151 A.
270 1107 497 1152 Cretica
524 1105 719 1162 (Spreng.
749 1105 853 1163 Syst.
886 1106 939 1159 ll,
968 1121 1008 1162 p.
1036 1104 1139 1162 396)
1169 1106 1296 1148 dense
1325 1105 1546 1161 cespitosa,
1576 1103 1807 1146 caudiculis

123 1165 321 1209 tenuibus
358 1163 605 1220 fragilibus,
643 1163 752 1207 foliis
788 1164 928 1221 parvis
963 1164 1121 1220 glabris
1157 1164 1357 1206 confertis
1393 1161 1807 1218 oblongo-ellipticis

123 1222 590 1267 carinato-uninerviis
626 1222 899 1265 acutiusculis
934 1222 978 1264 in
1006 1222 1208 1278 petiolum
1235 1222 1532 1264 brevissimum
1561 1220 1804 1270 attenuatis,

124 1282 252 1326 ramis
278 1281 673 1338 glanduloso-hirtis
700 1280 900 1324 brevibus
928 1280 1000 1323 1-3
1026 1280 1160 1333 floris,
1189 1280 1404 1337 pediccllis
1432 1281 1571 1337 calyce
1598 1278 1803 1333 longiori-

123 1341 218 1394 bus,
247 1339 399 1396 sepalis
426 1339 823 1395 hirto-glandulosis
857 1339 947 1382 basi
976 1339 1177 1382 carinatis
1203 1337 1654 1394 oblongo-lanceolalis
1682 1337 1805 1379 obtu-

123 1398 318 1442 siusculis
345 1397 550 1454 margine
564 1404 740 1454 anguste
759 1397 1114 1449 membranaceis,
1140 1397 1288 1454 petalis
1307 1395 1698 1451 obovalo·oblongis
1716 1394 1805 1437 basi

123 1458 247 1514 longe
274 1455 500 1500 attenuatis
527 1457 667 1513 calyce
703 1457 830 1513 duplo
866 1455 1156 1512 longioribus,
1195 1457 1363 1512 capsula
1392 1458 1509 1497 ovata
1537 1455 1675 1511 calyce
1704 1453 1806 1495 sub-

123 1515 333 1569 longiori,
363 1514 599 1558 seminibus
628 1514 1066 1571 ruguloso-punctatis
1103 1522 1162 1563 26.
1202 1515 1253 1556 Α.
1285 1515 1432 1556 coliata
1460 1513 1519 1555 Fl.
1552 1512 1684 1556 Graec.
1718 1511 1802 1553 [ab.

124 1573 208 1618 438
235 1587 321 1617 non
349 1573 392 1616 L.
415 1599 471 1605 --
496 1573 548 1616 A.
580 1573 698 1616 hirta
725 1572 838 1617 Sieb.
870 1573 926 1630 pl.
958 1587 1044 1616 exs.
1075 1586 1161 1616 non
1188 1573 1232 1615 L.

182 1645 281 1683 Hab.
313 1645 352 1682 in
382 1645 530 1683 fissuris
557 1644 708 1693 rupium
733 1644 905 1693 regionis
927 1645 1069 1692 alpinae
1099 1644 1223 1682 Cretae
1256 1645 1293 1681 in
1320 1643 1514 1681 montibus
1540 1641 1803 1689 Sp.iacioticis

123 1703 263 1752 (Sibth.
286 1704 396 1742 Sieb!
423 1696 603 1754 Heldr!),
628 1704 769 1742 montis
794 1703 963 1752 Taygeti
998 1704 1085 1742 loco
1111 1702 1313 1751 Choupata
1350 1702 1453 1740 dicto
1480 1700 1673 1754 (Heldrl),
1700 1711 1805 1737 mon-

122 1764 215 1801 tium
239 1762 358 1812 Cypri
381 1762 556 1813 (Sibth.).

179 1830 304 1869 Valde
336 1831 462 1869 affinis
499 1829 543 1869 A.
579 1831 727 1880 yracili
762 1831 821 1870 W.
854 1834 892 1868 et
915 1830 987 1869 Kit
1011 1831 1062 1878 pl.
1089 1843 1163 1868 rar.
1191 1832 1270 1869 tab.
1299 1827 1399 1876 276,
1423 1829 1547 1868 Rchb.
1579 1830 1648 1876 fig.
1676 1823 1797 1865 4945

122 1901 206 1939 quae
230 1890 358 1928 differt
381 1891 576 1939 glabritie,
603 1890 706 1929 foliis
732 1890 892 1939 obtusiS,
921 1890 1060 1938 petalis
1086 1891 1220 1939 calyce
1244 1888 1649 1937 sesquilongioribus3
1676 1886 1804 1923 inter-

122 1949 251 1987 media
275 1962 348 1987 non
373 1950 465 1987 vidi.

178 2012 224 2067 β.
254 2011 420 2068 Styyia.
452 2012 554 2055 Tota
583 2013 723 2068 planta
759 2011 944 2054 breviter
976 2011 1357 2054 velutino-viscida.
1397 2011 1449 2052 A.
1481 2009 1633 2065 Scyqia
1671 2006 1802 2049 Boiss.

125 2076 166 2113 et
192 2069 337 2113 Heldr.
367 2071 424 2128 pl.
454 2083 540 2114 exS.

180 2141 280 2180 Hab.
307 2142 345 2179 in
370 2142 529 2190 rupibus
554 2140 696 2189 alpinis
725 2140 910 2179 montium
933 2140 1116 2179 Ohelmos
1136 2143 1174 2179 et
1188 2140 1333 2179 Olenos
1358 2138 1616 2187 Peloponnesi
1635 2129 1801 2182 (Heldrl

122 2199 252 2299 grph!
286 2200 345 2239 Fl.
373 2199 445 2239 Gr.
481 2212 562 2238 exs.
589 2197 741 2250 1580,
767 2200 951 2238 Parnassi
979 2194 1191 2253 (Heldrl),
1231 2199 1386 2248 Olympi
1420 2197 1601 2236 Thessali
1635 2191 1805 2247 (Heldrl

161 2255 288 2308 rphl).

179 2396 240 2440 A.
269 2397 611 2440 Libanotica
637 2396 714 2453 (ΚΥ
743 2397 797 2452 pl.
830 2396 938 2450 exs.)
967 2394 1175 2450 cespitosa
1202 2407 1334 2445 nana,
1364 2392 1473 2436 foliis
1501 2390 1689 2434 minimis
1715 2390 1804 2445 gla-

121 2453 416 2498 brescentibus
443 2454 492 2497 ad
520 2454 640 2497 basin
671 2467 888 2497 ramorum
915 2452 1152 2495 imbricatis
1179 2451 1367 2495 obovatis
1395 2449 1595 2493 carinatis
1623 2447 1801 2500 obtusis,

123 2511 251 2555 ramis
277 2512 476 2555 brevibus
512 2510 984 2568 glanduloso-velutinis
1012 2509 1089 2553 1-3
1115 2510 1254 2562 floris,
1291 2508 1506 2567 pcdicellis
1538 2508 1678 2562 calyce
1712 2506 1802 2548 lon-

121 2569 329 2627 gioribus,
359 2570 511 2628 sepalis
538 2569 932 2626 glanduloso-hirtis
950 2568 1080 2613 ovatis
1099 2568 1276 2621 obtusis,
1298 2567 1443 2625 petalis
1461 2564 1647 2609 obovalis
1665 2564 1803 2620 calyce

122 2628 533 2687 sesquilongioribus
569 2636 630 2679 26.

179 2701 279 2740 Hab.
318 2702 355 2739 in
385 2701 630 2750 rupestribus
661 2701 820 2739 summis
853 2700 992 2738 Libani
1017 2700 1106 2737 loco
1132 2698 1253 2747 Djerd
1287 2696 1442 2745 Arasya
1464 2696 1513 2733 ad
1549 2696 1705 2733 boream
1731 2694 1798 2733 Ce-

121 2759 220 2798 dreti
245 2761 319 2798 sito
352 2759 509 2812 (Kvt),
535 2762 573 2798 in
597 2760 863 2799 cacuminibus
889 2760 989 2797 inter
1013 2758 1217 2806 Yamouny
1243 2760 1280 2794 et
1301 2756 1455 2794 Dimam
1473 2752 1606 2805 (ΒΗ).
1637 2753 1695 2791 Fl.
1720 2758 1798 2791 aest.

180 2825 358 2865 Plantula
394 2827 458 2864 viz.
498 2826 718 2874 pollicaris,
760 2826 853 2864 folia
896 2825 1074 2863 inferiora
1115 2824 1225 2861 lineae
1250 2818 1301 2874 ³]⁴
1331 2822 1465 2869 longa,
1507 2821 1621 2869 calyx
1659 2820 1799 2857 lineam

122 2883 273 2933 longus.
298 2885 468 2924 Ulterius
496 2897 514 2923 e
549 2881 827 2934 speciminibus
853 2884 1076 2922 melioribus
1102 2881 1385 2921 observandum
1409 2892 1456 2917 an
1483 2880 1531 2917 sit
1558 2879 1681 2917 forma
1706 2890 1798 2928 prae-

124 2944 310 2984 cedentis.
