2021 3235
944 103 1028 147 279

203 197 342 235 Facies
374 196 419 234 A.
450 197 626 235 montani
657 196 727 235 sed
765 196 1028 236 indumentum
1059 202 1098 236 et
1135 200 1300 238 stamina
1336 201 1503 240 diversa.
1538 203 1699 243 Silicula
1740 218 1816 244 non

147 259 251 295 nota.

201 384 262 427 A.
294 383 525 428 Mfflleri
567 382 718 438 (Boiss.
756 389 796 424 et
821 382 958 424 Buhse
986 383 1101 425 Ausz.
1134 397 1174 440 p.
1206 384 1280 441 16)
1323 387 1687 442 lepidoto-canurn
1730 391 1818 434 basi

146 441 464 493 suffrutescens,
503 440 694 483 caulibus
720 439 892 496 pumilis
919 441 1265 496 ascendentibus,
1309 444 1419 487 foliis
1446 447 1821 491 obovato-lineari-

145 499 241 551 hus,
283 498 510 541 filamentis
536 498 736 541 omnibus
763 513 786 540 a
813 498 903 541 basi
931 499 982 541 ad
1009 499 1172 555 apicem
1200 502 1356 544 sensim
1384 505 1634 559 attenuatis,
1676 507 1823 563 petalis

145 557 359 611 obovatis,
403 571 573 600 racemo
607 557 825 600 fructifero
853 556 968 599 brevi
996 571 1078 600 non
1107 566 1347 613 contracto,
1393 561 1568 606 siliculis
1608 565 1823 621 pcdicellis

145 615 458 672 erecto-patulis
485 615 666 658 suffultis
693 615 889 672 lepidotis
921 616 1053 659 ovatis
1087 618 1192 674 stylo
1228 618 1549 677 subaequilongo
1585 623 1821 678 apiculatis,

144 674 378 717 seminibus
402 673 559 730 apteris
596 681 656 723 26.

201 746 301 784 Hab.
330 747 368 783 in
392 746 578 784 Armenia
599 745 770 784 Turcica
796 741 938 797 (Auch.
958 757 1038 783 exs
1065 745 1146 786 251
1170 747 1213 796 l),
1241 747 1428 787 Armenia
1451 750 1614 789 Rossica
1639 752 1675 789 in
1693 757 1822 791 monte

143 805 351 854 Kisildagh
392 817 516 853 prope
553 805 698 842 Erivan
739 803 943 855 (Buhsel),
974 805 1110 843 Persia
1145 807 1294 845 boreali
1326 808 1363 844 in
1402 814 1530 847 monte
1554 810 1695 849 Elbrus
1723 813 1822 850 etin

143 877 253 913 prov.
279 864 506 903 Khorassan
534 861 744 918 (Bungel),
772 864 809 900 in
833 865 1029 902 montibus
1051 877 1176 913 prope
1200 866 1308 903 Yezd
1335 864 1475 919 (Buhse
1494 867 1537 918 Ξ).

202 932 342 970 Facies
368 932 576 970 formarum
603 932 704 970 foliis
739 932 846 970 canis
869 932 1045 980 angustis
1069 932 1114 971 A.
1142 934 1316 972 montani
1361 935 1520 974 Silicula
1541 935 1569 975 2
1595 937 1717 974 lineas
1739 942 1821 976 tan-

144 995 223 1030 tum
247 992 376 1040 longa.

199 1120 259 1162 A.
292 1119 596 1162 Persicum
633 1118 783 1174 (Boiss.
814 1119 922 1161 Ann.
955 1118 1018 1161 Sc.
1051 1119 1142 1162 Nat.
1177 1119 1306 1173 1842,
1336 1134 1377 1176 p.
1409 1120 1511 1177 152)
1547 1122 1818 1178 lepidoto-ar-

142 1185 339 1233 genteum
369 1176 705 1229 suffruticosum,
749 1177 942 1220 caulibus
979 1177 1130 1220 erectis
1167 1179 1285 1221 elatis
1323 1180 1565 1231 ramulosis,
1609 1180 1718 1224 foliis
1745 1182 1819 1224 ob-

142 1235 532 1289 longo-lanceolatis
550 1235 730 1288 obtusis,
759 1236 909 1292 petalis
936 1236 1126 1279 obovatis
1153 1236 1348 1293 integris,
1377 1237 1604 1281 filamentis
1621 1239 1820 1283 omnibus

142 1294 231 1336 basi
259 1293 440 1337 dilatatis
469 1293 694 1347 edentulis,
732 1308 901 1337 racemo
928 1295 1147 1337 fructifero
1175 1296 1367 1351 elongato
1395 1297 1503 1348 laxo,
1542 1297 1714 1340 siliculis
1747 1313 1818 1355 pe-

141 1352 303 1395 dicellis
339 1351 493 1394 strictis
529 1352 590 1394 eis
626 1352 892 1409 longioribus
928 1353 1110 1396 suffultis
1146 1353 1340 1410 lepidotis
1376 1355 1538 1411 magnis
1574 1355 1818 1400 orbiculatis

142 1412 246 1468 stylo
274 1411 334 1453 eis
360 1410 599 1467 aequilongo
627 1411 863 1467 apiculatis,
895 1411 1129 1455 seminibus
1156 1413 1236 1455 late
1265 1412 1513 1468 marginatis
1547 1421 1603 1462 26.

199 1481 300 1519 Hab.
327 1481 365 1518 in
391 1481 527 1518 Persia
551 1493 674 1529 prope
699 1480 864 1529 Ispahan
889 1481 1031 1530 (Auch.
1057 1494 1136 1520 exs.
1164 1480 1334 1534 4089!).

198 1548 339 1586 Caules
362 1548 522 1586 floriferi
549 1545 654 1602 ¹s2-1
684 1550 866 1598 pedales,
893 1550 986 1587 folia
1018 1550 1170 1599 majora
1193 1547 1291 1603 ¹s2-1
1330 1551 1512 1599 pollicem
1538 1552 1678 1598 longa,
1701 1550 1817 1588 flores

140 1609 194 1646 eis
220 1606 268 1646 A.
296 1609 472 1645 montani
496 1609 609 1656 paulo
646 1609 836 1658 majores,
863 1609 1025 1647 siliculae
1053 1614 1210 1647 maturae
1234 1611 1422 1648 diametro
1454 1613 1532 1648 tres
1570 1611 1691 1647 lineas
1718 1610 1816 1647 latae.

139 1667 300 1716 Species
326 1668 501 1706 caulibus
537 1668 649 1705 elatis
682 1673 719 1706 et
753 1668 965 1706 seminibus
1000 1669 1076 1706 late
1104 1670 1329 1717 marginatis
1354 1669 1392 1706 in
1426 1681 1545 1717 grege
1571 1668 1614 1706 A.
1644 1671 1817 1707 montani

139 1727 443 1766 distinctissima.

751 1834 773 1855 ἃ
806 1833 828 1855 ³*
861 1834 1019 1883 Species
1047 1846 1193 1872 annuae.

551 1944 577 1990 †
610 1943 747 1980 Petala
772 1943 907 1991 calyce
932 1943 1069 1980 saltem
1093 1942 1209 1990 duplo
1232 1942 1422 1991 longiora.

195 2048 256 2090 A.
290 2047 720 2102 macrostylum
760 2045 913 2102 (Boiss.
945 2052 985 2087 et
1013 2045 1122 2088 Huet
1154 2046 1195 2088 in
1224 2046 1280 2101 pl.
1311 2046 1426 2086 Arm.
1459 2046 1566 2100 exs.)
1603 2044 1713 2100 pube
1750 2058 1816 2087 ra-

138 2109 256 2148 mossi
277 2106 418 2161 patula
446 2104 721 2160 strigulosum
750 2117 994 2156 canescens,
1038 2104 1166 2146 ramis
1194 2103 1392 2145 brevibus
1420 2102 1638 2159 prostratis
1663 2104 1723 2144 vel
1751 2116 1816 2144 as—

138 2163 433 2216 cendentibus,
462 2162 573 2205 foliis
602 2162 789 2206 obovatis
819 2162 881 2204 vel
908 2161 1119 2217 oblongis,
1149 2161 1297 2218 petalis
1324 2160 1586 2203 ocbroleucis
1613 2160 1815 2215 oblongo-

138 2221 386 2278 spathulatis
404 2221 598 2277 integris,
627 2220 855 2263 filamentis
884 2219 1117 2276 majoribus
1145 2222 1208 2262 ala
1236 2219 1278 2262 in
1306 2219 1376 2261 1-2
1394 2219 1627 2262 denticulos
1645 2218 1815 2260 abeunti

137 2280 377 2323 minoribus
405 2279 638 2336 appendice
673 2278 803 2321 bifida
839 2278 1005 2332 obsitis,
1044 2278 1219 2321 siliculis
1245 2277 1448 2334 pedicello
1476 2276 1634 2333 patenti
1661 2276 1721 2318 vel
1749 2290 1815 2318 re-

138 2353 266 2382 curvo
294 2338 474 2381 suffultis
502 2338 667 2393 magnis
695 2336 934 2392 strigulosis
970 2336 1101 2380 ovatis
1137 2337 1239 2394 stylo
1277 2335 1335 2379 eis
1371 2334 1691 2390 subtrquilongo
1728 2333 1816 2389 api-

138 2397 303 2450 culatis,
341 2396 504 2440 semine
547 2403 692 2453 aptero
739 2401 804 2446 Θ.
850 2395 902 2437 Α.
932 2395 1273 2451 αῖαηίὴοοανριινη
1310 2393 1440 2435 Boiss.
1477 2393 1584 2434 Ann.
1625 2392 1688 2435 Sc.
1721 2392 1811 2434 Nat.

138 2455 269 2509 1842,
299 2469 339 2512 p.
362 2453 461 2497 154.
492 2454 641 2511 Diagn.
675 2454 765 2497 Ser.
799 2453 851 2506 ll,
882 2453 929 2506 V,
959 2468 999 2510 p.
1021 2451 1074 2496 37
1106 2454 1281 2509 (nomen
1309 2466 1356 2494 ex
1383 2451 1526 2494 ovario
1548 2450 1719 2507 juniore
1746 2450 1816 2492 de-

138 2520 383 2571 promptum
410 2512 729 2570 improprium).

196 2587 295 2624 Hab.
322 2587 360 2623 in
384 2586 539 2624 incultis
563 2585 756 2623 Armeniae
778 2584 827 2622 ad
853 2584 1066 2621 Erzeroum
1092 2583 1230 2634 (Auch.
1260 2594 1340 2619 exe.
1354 2577 1472 2620 4098
1497 2581 1558 2625 Al,
1578 2581 1679 2618 Huet
1696 2579 1741 2630 l),
1769 2581 1818 2617 ad

137 2646 306 2684 Baibout
331 2644 489 2697 (Bourg.
522 2647 593 2684 sub
628 2644 672 2683 Α.
699 2643 930 2693 montano),
957 2643 992 2679 in
1021 2646 1150 2680 monte
1186 2640 1357 2689 Akdagh
1395 2641 1517 2688 Syriae
1551 2641 1638 2677 bor.
1676 2639 1816 2689 (Auch.

139 2717 219 2743 exs.
247 2703 390 2755 2650,
417 2705 453 2741 in
481 2705 675 2743 montibus
702 2704 847 2743 Ciliciae
874 2702 1057 2739 Kurdicae
1081 2700 1156 2754 (Ky
1179 2713 1259 2739 exs
1287 2697 1373 2739 150
1391 2694 1445 2754 l).
1538 2754 1547 2760 ,

196 2772 334 2810 Facies
351 2771 396 2809 A.
416 2772 591 2809 montani
618 2775 655 2808 et
673 2770 833 2809 rostrati
857 2769 925 2806 sed
949 2769 1211 2806 indumentum
1230 2767 1502 2814 strigulosum3
1528 2766 1575 2802 ab
1601 2765 1673 2802 bac
1690 2765 1819 2811 specie

138 2830 266 2868 differt
290 2831 466 2869 caulibus
489 2830 740 2878 abbreviatis,
767 2828 930 2867 siliculis
958 2827 1074 2875 duplo
1102 2826 1316 2875 majoribus
1335 2825 1458 2862 ovatis
1482 2835 1552 2861 nec
1577 2824 1818 2871 orbiculatis,

139 2888 353 2928 seminibus
380 2890 538 2938 apteris.
