2021 3235
998 96 1084 140 420

257 178 358 216 Hah.
382 178 420 215 in
443 177 619 226 AEgypto
643 175 833 224 superiori
858 175 962 213 eirca
981 173 1104 223 Siout,
1129 173 1306 222 Theben,
1327 173 1494 222 Syenem
1516 170 1632 227 (Deli
1657 175 1780 214 Auch.
1799 187 1882 215 exs.

198 236 311 277 410!
337 238 452 275 Boiss
469 234 514 290 l).
542 235 679 274 Persia.
703 234 863 273 australi
888 234 1083 272 maritima
1110 232 1257 284 (Auchi
1273 229 1306 287 ).
1333 233 1393 271 Fl.
1419 244 1523 271 vere.

257 304 332 344 Ar.
363 304 527 354 Geogr.
560 303 702 352 Nubia,
728 302 957 352 Abyssinia,
984 302 1097 340 India
1115 301 1559 340 boreali-occidentalis.

199 449 321 492 SECT.
360 448 412 490 ΙΙ.
450 447 734 490 EUCAPPAms.
767 458 834 489 nc.
866 446 1016 490 Prodr.
1048 445 1082 499 Ι,
1111 459 1152 502 p.
1184 442 1286 486 245.
1321 470 1379 474 —-
1407 443 1564 500 Sepala
1596 457 1775 487 concava
1797 459 1888 488 ma-

512 505 691 619 ιῖξζῗίοῖῖζία
724 504 928 548 biseriata
951 505 1170 561 superiore
1195 517 1300 559 soepe
1326 502 1506 559 qaleato.
1543 501 1743 546 Stamina
1769 504 1888 547 inde-

263 691 317 734 G.
346 690 594 745 spinosa
621 688 683 744 (L.
716 687 783 744 Sp.
816 686 919 744 720)
950 687 1078 730 ramis
1106 685 1311 742 elongatis
1333 684 1705 737 decumbentibus,
1725 684 1891 742 stipulis

205 748 389 806 spinosis
415 746 628 790 uncinatis
654 747 718 789 vel
745 746 872 789 rectis
902 746 1038 789 rarius
1066 744 1243 788 setaceis
1270 743 1476 797 deciduis,
1508 743 1618 786 foliis
1644 744 1892 787 orbiculatis

204 809 269 850 vel
296 807 446 859 ovalis,
475 805 727 862 pedunculis
754 805 854 848 solio
880 804 1131 863 aequilongis
1168 805 1231 846 vel
1257 803 1541 859 longioribus,
1572 803 1724 860 sepalis
1752 804 1891 846 subae-

206 865 438 923 quilongis,
474 865 601 907 bacca
637 864 980 921 ovato-oblonga
1011 863 1101 907 basi
1129 865 1344 906 attenuata
1371 869 1409 912 5.
1438 862 1567 905 Valde
1594 862 1890 919 polymorpha,

206 925 430 968 varietates
457 930 681 980 sequentes
709 922 857 966 formis
882 922 1121 966 innumeris
1147 935 1233 965 una
1258 920 1302 963 in
1330 922 1505 964 alteram
1532 927 1768 963 transeunt.

268 1014 295 1037 α
321 992 524 1049 qenuz'm.
555 991 871 1044 Glabriuscula,
900 990 1007 1034 rami
1029 990 1231 1047 gracileS‚
1260 988 1361 1032 solia
1388 988 1704 1032 suborbiculata
1731 994 1890 1041 retusa,

210 1052 376 1109 stipulae
403 1050 614 1093 uncinata}
632 1086 641 1103 ,
671 1050 797 1093 flores
824 1049 984 1106 magni.
1016 1049 1150 1092 Rchb.
1182 1048 1210 1090 f.
1242 1046 1372 1091 4487.
1403 1047 1558 1091 Forma
1575 1048 1686 1091 culta
1703 1061 1831 1104 quam
1850 1061 1897 1090 ex

212 1110 384 1154 Oriente
412 1110 603 1153 nondum
630 1108 731 1152 vidi.

271 1181 315 1234 β.
347 1191 565 1220 canescens
591 1175 748 1219 Cosson
776 1176 870 1219 Not.
901 1176 958 1232 pl.
987 1174 1086 1218 Crit.
1120 1172 1316 1230 1‚,p.28.
1349 1173 1446 1217 Plus
1474 1173 1617 1217 minus
1642 1174 1897 1231 pubescens,

215 1237 325 1281 rami
353 1236 495 1279 minus
522 1234 729 1289 indurati,
759 1234 858 1277 folia
885 1241 1006 1277 ovata
1030 1234 1094 1276 vel
1121 1233 1304 1290 elliptica
1336 1232 1455 1290 apice
1482 1233 1525 1276 in
1553 1232 1764 1290 spinulam
1792 1247 1903 1290 saepe

215 1295 438 1349 abeuntia,
477 1294 644 1351 stipulae
678 1293 918 1346 uncinatae‚
958 1292 1085 1335 flores
1112 1291 1351 1349 majusculi.
1396 1290 1445 1334 C.
1476 1292 1646 1349 spinosa
1673 1292 1736 1334 Fl.
1766 1292 1900 1336 Graec.

215 1356 300 1398 tab.
331 1353 439 1397 4861
473 1352 521 1396 C.
552 1353 750 1396 herbacea
768 1352 910 1395 Willd.
941 1352 1094 1394 Enum.
1116 1350 1253 1393 Berol.
1273 1365 1316 1407 p.
1340 1349 1439 1394 560.
1474 1350 1520 1394 C.
1542 1350 1690 1394 Sicula
1715 1350 1898 1394 Duham.

217 1414 318 1457 Arb.
348 1414 381 1468 Ι,
410 1427 452 1470 p.
484 1410 583 1454 159.
619 1410 665 1454 C.
696 1417 817 1455 ovata
844 1411 965 1454 Guss.
998 1409 1146 1453 Prodr.
1178 1423 1264 1452 non
1290 1409 1403 1453 Desf.

278 1487 380 1524 Hab.
407 1485 549 1533 ubique
588 1484 638 1521 ad
679 1495 809 1521 muros
848 1486 886 1520 et
923 1493 1039 1530 rupes
1073 1481 1246 1530 regionis
1272 1481 1470 1519 calidioris
1495 1481 1534 1518 in
1559 1480 1734 1520 Graecia!
1764 1480 1900 1520 Creta!

216 1537 468 1584 Macedonia!
498 1541 712 1581 Anatolia!
742 1543 928 1580 Armenia
947 1533 1133 1594 (Huetl),
1160 1541 1307 1579 Tauria
1334 1544 1372 1579 et
1395 1553 1504 1589 prov.
1531 1540 1758 1580 Caucasicis
1784 1534 1897 1592 (Mssl

221 1605 380 1656 Hohl),
417 1604 533 1653 Syria
566 1602 712 1656 (Boissl
740 1600 872 1640 Gaill!
902 1601 1097 1650 Hausskl)
1134 1600 1419 1649 Mesopotamia
1455 1598 1623 1654 (Noffl),
1659 1601 1796 1639 Persia
1819 1602 1902 1640 bor.

218 1662 397 1716 (Buhsel)
428 1668 465 1702 et
490 1663 824 1701 austro-orientali
846 1659 1060 1712 (Bungel).
1087 1660 1147 1697 Fl.
1173 1672 1266 1698 vere
1290 1664 1328 1698 et
1349 1663 1495 1698 aestate.

277 1751 317 1792 y.
348 1728 575 1786 AEqyptia.
615 1727 768 1770 Glabiza
803 1727 866 1770 vel
893 1726 1157 1784 pubescens,
1194 1725 1303 1768 rami
1341 1724 1554 1779 indurati,
1590 1725 1691 1769 folia
1725 1739 1904 1769 carnosa

216 1789 451 1832 orbiculata
479 1788 627 1843 glauca
654 1786 805 1829 obtusa
831 1793 903 1829 aut
929 1792 1072 1828 retusa
1099 1798 1195 1827 cum
1228 1785 1290 1827 vel
1325 1784 1486 1841 absque
1520 1784 1704 1842 spinula,
1739 1784 1904 1842 stipulae

217 1847 448 1900 uncinalae,
476 1846 604 1888 ssores
632 1845 885 1888 mediocres.
920 1843 967 1887 C.
999 1843 1210 1900 AEyyptia
1237 1843 1355 1886 Lam.
1386 1843 1493 1887 Dict.
1532 1844 1572 1898 Ι,
1606 1858 1647 1901 p.
1680 1842 1780 1887 605.
1811 1843 1900 1887 Del.

217 1907 311 1963 AEg.
343 1906 428 1949 tab.
458 1904 507 1948 31
540 1903 612 1960 fig.
643 1902 684 1947 3.

275 1977 377 2015 Hab.
409 1976 459 2013 ad
481 1985 600 2022 rupes
625 1972 792 2021 AEgypti
831 1972 968 2010 mediae
1008 1975 1046 2010 et
1082 1972 1298 2021 superioris
1329 1970 1444 2022 (ΒΘΗ
1473 1972 1607 2010 Boiss!
1632 1963 1842 2023 KraHkl),
1866 1972 1906 2009 in

212 2037 310 2087 jugo
335 2035 523 2075 Sinaitico
550 2031 691 2086 (Bovel
713 2025 848 2070 Boissl
867 2029 898 2086 ).
923 2032 1061 2071 ‚Judaea
1079 2032 1128 2070 ad
1146 2042 1251 2069 mare
1270 2031 1465 2070 Mortuum
1489 2031 1676 2084 (Boissl).
1693 2031 1755 2070 Fl.
1777 2032 1903 2080 primo

216 2107 322 2135 vere.

278 2162 317 2204 ὃ.
351 2156 634 2215 leucophylla.
665 2156 768 2199 Tota
795 2155 1046 2199 indumento
1074 2155 1274 2212 adpresso
1302 2168 1425 2209 cana,
1454 2155 1554 2198 folia
1580 2167 1759 2199 carnosa
1787 2154 1905 2198 orbi-

217 2219 357 2262 culata
383 2231 470 2260 var.
502 2214 800 2273 praecedentis,
829 2214 957 2258 flores
983 2214 1118 2271 parvi.
1152 2212 1199 2257 C.
1223 2213 1488 2271 lcucophylla
1518 2226 1585 2258 Dc.
1618 2215 1766 2258 Prodr.
1798 2215 1831 2268 Ι,
1860 2229 1902 2272 p.

218 2276 318 2320 246.
349 2277 507 2320 Deless.
540 2274 595 2317 Ic.
628 2273 703 2326 Ill,
732 2272 817 2316 tab.
850 2271 922 2316 10.

276 2349 377 2386 Hab.
414 2347 465 2385 ad
502 2345 664 2393 Bagdad
690 2340 812 2397 (Oliv.
840 2346 877 2381 et
899 2342 1026 2394 Brug!
1057 2342 1181 2382 Auch.
1221 2355 1301 2382 exs.
1327 2338 1482 2398 4091),
1516 2344 1555 2382 in
1589 2343 1726 2382 Persia
1751 2348 1906 2384 austro-

218 2407 399 2447 orientali
422 2407 522 2444 inter
547 2404 751 2442 Khabbise
775 2407 813 2441 et
836 2403 1009 2441 Kerman
1035 2403 1190 2453 (Bunge
1205 2396 1251 2454 !).

275 2491 309 2516 ε.
336 2469 589 2527 parvislora.
620 2466 855 2510 Canescens
881 2467 944 2508 vel
969 2466 1181 2520 velutina,
1220 2465 1350 2508 ramis
1377 2471 1528 2509 tenues
1555 2465 1769 2521 indurati,
1805 2466 1905 2510 folia

217 2544 346 2588 parva
385 2526 716 2581 ovato-oblonga
751 2524 892 2568 rarius
925 2524 1160 2568 otbiculata
1193 2524 1348 2582 saepius
1375 2531 1497 2568 acuta
1523 2524 1641 2582 apice
1668 2525 1901 2583 spinulosa,

219 2589 382 2646 stipulae
419 2585 629 2629 uncinatae
663 2597 774 2640 saepe
807 2583 982 2637 validae,
1016 2584 1143 2626 flores
1180 2583 1240 2626 eis
1276 2583 1424 2626 formae
1449 2583 1645 2640 genuinae
1681 2585 1809 2641 duplo
1840 2586 1904 2628 vel

218 2647 342 2704 triplo
370 2645 572 2689 minores.
607 2642 655 2686 C.
681 2642 919 2699 parviflora
945 2641 1078 2685 Boiss.
1109 2642 1258 2698 Diagn.
1288 2641 1379 2685 Ser.
1410 2642 1445 2695 Ι,
1474 2643 1508 2697 Ι,
1536 2657 1579 2700 p.
1599 2641 1640 2685 4.
1673 2642 1720 2686 C.
1743 2657 1905 2686 mucro-

217 2707 375 2762 nifolia
400 2703 533 2747 Boiss.
565 2703 643 2744 loc.
675 2700 745 2744 cit.
777 2714 819 2757 p.
850 2699 891 2743 3.

276 2777 376 2815 Hab.
400 2776 437 2812 in
461 2774 576 2822 Syria
599 2773 702 2810 circa
736 2771 972 2810 Damascum
998 2770 1119 2822 (Gaill
1135 2771 1162 2823 !)
1178 2802 1187 2820 ,
1211 2770 1349 2809 Persia
1383 2773 1542 2811 australi
1567 2771 1709 2823 (Auch.
1735 2768 1901 2822 4189l,

217 2834 371 2885 4190!‚
407 2832 518 2873 4191
551 2832 647 2882 Al),
688 2842 812 2880 prope
840 2830 998 2869 Schiraz
1034 2830 1114 2881 (ΚΥ
1148 2842 1230 2869 exs.
1266 2828 1421 2879 5091),
1448 2832 1487 2869 in
1510 2832 1776 2872 Turkestania
1799 2834 1901 2872 inter

217 2895 397 2935 Buchara
420 2897 457 2932 et
479 2890 718 2931 Samareand
744 2889 884 2941 (Lehm
902 2881 949 2941 l),
975 2890 1014 2927 in
1040 2889 1251 2939 Affghanifi.
1271 2884 1405 2943 gGriffl
1422 2892 1451 2940 ).

2017 131 2021 263 l
