2021 3235
889 88 974 134 399

94 177 413 235 conduplicatas.
443 204 499 208 —
527 176 681 242 Herba}
708 191 861 221 annuae
889 192 1069 222 ramosae
1098 180 1208 224 foliis
1235 180 1514 226 inferioribus
1541 184 1685 242 lyratis
1712 200 1782 228 su-

93 236 336 338 ipeijiorlizbusl
358 236 499 301 payvis
526 236 734 290 dentatis,
772 236 950 280 floribus
977 237 1570 296 flavido-purpurascentibus
1596 244 1779 297 venosis,

110 309 198 339 acie
263 309 317 352 ap
335 309 438 337 tam.

151 452 206 494 E.
235 453 517 494 arcuatus
556 450 723 506 (Labill.
755 450 851 493 Dec.
884 450 931 504 V,
962 465 1003 507 p.
1034 451 1078 504 4,
1109 452 1194 494 tab.
1226 453 1268 509 2)
1296 455 1495 511 adpresae
1523 457 1677 510 hirtus,
1705 473 1779 515 pe-

94 508 253 552 dicellis
280 508 555 551 inferioribus
583 508 825 561 bracteatis‚
870 509 1050 553 floribus
1078 511 1340 568 majusculis,
1385 513 1551 571 siliquis
1578 517 1779 573 adpresse

94 566 254 610 scabris
280 566 485 609 teretibus
503 567 702 610 torulosis
721 567 903 610 arcuatis
923 568 1108 611 breviter
1127 571 1337 624 rostratis,
1368 572 1547 616 articulo
1576 575 1779 619 inferiore

92 625 339 668 brevissimo
366 626 428 667 vel
455 625 650 669 subnullo
677 639 977 682 monospcrmo
1003 628 1066 669 vel
1094 628 1248 684 saepius
1275 643 1471 686 aspermo
1503 637 1569 683 Θ.

153 696 254 733 Hab.
282 697 320 733 in
344 696 544 733 maritimis
569 697 702 734 insulae
728 697 976 744 Cephaloniae
1000 698 1049 735 ad
1074 699 1276 746 Argostoli
1311 699 1520 752 (Heldrl),
1554 704 1590 741 in
1626 707 1778 744 saxosis

96 755 249 793 incultis
275 755 411 793 calidis
438 755 642 793 Messeniae
678 755 728 793 ad
766 755 986 794 Methonem
1027 750 1245 808 (Bory!)‚
1282 751 1521 809 Pampliyliae
1554 763 1602 800 ad
1638 765 1782 803 Adalia

96 811 456 924 ffiffiffissfflmr!
497 812 700 866 Bourgl),
735 814 858 862 Syriae
897 815 947 852 ad
982 815 1165 854 Sidonem
1203 818 1448 871 (Blanchel)
1481 826 1520 859 et
1554 822 1591 859 in
1628 823 1780 862 Libano

96 872 110 924 (
154 939 305 989 Siliqua
329 935 464 991 2272
490 939 690 988 pollicaris
711 939 876 978 articulo
895 941 1088 990 superiori
1113 941 1151 979 in
1176 942 1346 981 lomenta
1370 944 1529 984 difficile
1553 949 1701 996 ruptili.

152 1099 208 1142 E.
240 1099 474 1154 lyratus
516 1097 682 1154 (Forsk.
719 1097 811 1153 AEg.
853 1112 892 1155 p.
933 1098 1018 1142 119
1055 1100 1133 1142 sub
1170 1100 1394 1159 Raphano)
1439 1101 1779 1159 adpressiuscule

95 1156 249 1210 hirtus,
292 1155 508 1213 pediccllis
548 1156 637 1199 fere
679 1156 878 1199 omnibus
915 1156 1158 1211 bractealis,
1203 1158 1381 1202 floribus
1413 1162 1571 1217 parvis,
1615 1162 1779 1220 siliquis

94 1215 308 1273 adpressis
335 1214 496 1257 scabris
530 1214 865 1272 subcompressis
899 1215 1165 1260 subcurvatis
1202 1217 1389 1261 obsolele
1424 1220 1643 1264 nodulosis
1680 1222 1779 1265 bre-

95 1274 200 1317 viter
217 1272 409 1316 rostratis
427 1273 603 1316 articulo
621 1273 813 1316 inferiori
833 1274 1027 1330 elongato
1045 1275 1261 1332 dispermo
1293 1282 1357 1328 O.
1384 1276 1439 1319 R.
1464 1278 1633 1334 lyratus
1650 1280 1773 1324 Jaub.

95 1339 136 1376 et
160 1332 229 1390 Sp.
259 1333 320 1375 Ill.
350 1331 420 1375 Or.
451 1331 500 1385 V,
538 1331 623 1375 tab.
663 1330 763 1375 435.
808 1332 858 1374 R.
889 1339 1138 1376 recurvatus
1176 1334 1292 1377 Pers.
1333 1335 1464 1378 Ench.
1506 1337 1560 1391 ll,
1598 1346 1645 1380 n0
1673 1339 1772 1383 209.

91 1390 177 1434 Del.
210 1391 272 1433 ΙΙΙ.
302 1390 395 1446 AEg.
428 1390 512 1432 tab.
543 1389 614 1444 36,
645 1391 672 1433 f.
704 1391 722 1433 1
758 1390 916 1448 (quoad
944 1391 1138 1449 fructus).

150 1462 252 1500 Hab.
288 1462 326 1498 in
365 1460 478 1499 cultis
517 1453 676 1499 Graeciae
706 1461 755 1498 ad
793 1461 1017 1499 Methonem
1043 1460 1334 1516 (Despreauxl
1375 1476 1423 1501 an
1458 1463 1775 1516 spontaneus?),

93 1521 259 1571 AEgypti
280 1519 475 1558 inferioris
499 1522 539 1557 et
560 1520 695 1558 mediae
722 1518 827 1572 (Del.
853 1520 979 1559 Auch.
1006 1533 1086 1559 exs.
1114 1520 1222 1562 187!
1244 1522 1417 1572 Schimp.
1439 1536 1520 1563 exs.
1541 1524 1597 1564 14
1613 1529 1619 1564 !
1638 1527 1772 1565 Boiss!

93 1580 233 1619 Kralik
248 1582 288 1628 !).

151 1648 289 1686 Flores
325 1647 381 1684 eis
415 1646 672 1694 praecedentis
703 1648 862 1686 dimidio
899 1648 1088 1699 minores,
1113 1649 1263 1699 siliquae
1286 1652 1403 1699 paulo
1429 1652 1649 1704 breviores,
1681 1656 1771 1693 arti-

92 1708 200 1747 culus
220 1706 398 1756 superior
420 1706 459 1743 in
482 1706 655 1744 lomenta
678 1706 793 1745 facile
817 1707 983 1756 ruptilis.

147 1864 204 1908 E.
237 1861 654 1917 strangulatus
696 1859 848 1916 (Boiss,
880 1860 1029 1917 Diagn.
1064 1861 1154 1906 Ser.
1196 1862 1228 1916 Ι,
1267 1863 1375 1917 vlu,
1414 1878 1455 1921 p.
1486 1865 1561 1923 44)
1606 1867 1770 1912 inferne

89 1920 327 1980 praesertim
354 1919 493 1976 patule
520 1917 896 1975 albo-hispidulus‚
935 1920 1151 1977 pedicellis
1179 1922 1377 1965 omnibus
1406 1923 1650 1979 bractealis,
1693 1927 1770 1971 sso-

90 1981 208 2024 ribus
234 1977 496 2036 majusculis,
525 1976 688 2034 siliquis
715 1977 916 2034 adpresse
943 1979 1105 2023 scabris
1128 1980 1312 2024 arcuatis
1331 1981 1373 2024 in
1393 1991 1577 2026 rostrum
1598 1986 1769 2038 longum

89 2039 336 2083 uncinatum
376 2035 631 2079 abeuntibus
672 2037 1165 2092 compresso-carinatis
1204 2040 1322 2083 valde
1362 2039 1767 2099 mmmm-nodosis,

88 2097 265 2141 articulo
290 2094 494 2139 inferiore
521 2093 755 2151 angustiori
783 2093 862 2136 1-9
889 2109 1058 2152 spermo
1089 2103 1155 2149 Q).

146 2169 245 2206 Hab.
282 2168 318 2204 in
353 2167 465 2204 cultis
490 2165 656 2214 AEgypti
679 2165 729 2202 ad
762 2165 1040 2206 Alexandriam
1071 2165 1246 2220 (Kralikl
1273 2168 1580 2222 Samaritani!),
1609 2172 1770 2212 Arabiae

87 2229 230 2276 petreae
251 2225 464 2264 Palaestinae
488 2224 735 2264 conterminae
755 2224 887 2272 (Boiss
903 2219 912 2264 l
926 2223 953 2278 ).

145 2295 179 2333 A
197 2293 506 2344 praeveedentibus
528 2291 679 2340 siliquis
704 2291 820 2331 modo
847 2305 1032 2332 cornuum
1053 2307 1183 2344 caprae
1209 2296 1349 2345 alpinae
1368 2298 1529 2336 nodosis
1552 2300 1663 2347 apice
1686 2301 1767 2339 lon-

87 2355 175 2403 gius
199 2352 379 2393 rostratis
405 2352 595 2390 diversus.

143 2509 199 2553 E.
231 2510 622 2564 pterocarpus
663 2505 795 2560 (Pers.
826 2505 955 2549 Ench.
988 2506 1042 2560 ΙΙ,
1070 2521 1111 2564 p.
1143 2506 1227 2551 209
1262 2508 1340 2551 sub
1375 2508 1598 2570 Raphano)
1639 2527 1767 2570 parce

86 2565 324 2618 scabrfflus,
366 2563 583 2621 pedicellis
609 2563 696 2607 fere
725 2564 922 2607 omnibus
949 2565 1201 2619 bractealis,
1245 2566 1424 2612 floribus
1461 2570 1764 2626 mediocribus,

87 2624 251 2682 siliquis
276 2623 394 2666 valde
422 2622 582 2666 scabris
615 2622 798 2666 arcuatis
831 2623 872 2665 in
911 2630 1097 2667 rostrum
1139 2625 1312 2681 longum
1354 2626 1608 2672 abeuntibus
1649 2644 1765 2673 com-

86 2680 453 2735 presso-carinatis
480 2680 625 2724 carina
650 2680 816 2724 inferne
844 2681 886 2724 in
920 2683 1028 2725 alam
1064 2682 1234 2727 dilatata
1271 2685 1438 2730 nodulis
1474 2687 1618 2741 nullis,
1663 2689 1758 2731 arti-

86 2743 180 2785 culo
200 2739 393 2784 inferiori
413 2739 530 2782 brevi
549 2739 763 2783 turbinato
782 2754 1083 2797 monospermo
1111 2747 1174 2793 O.
1205 2742 1245 2784 E
1279 2748 1551 2801 pterocarpus
1569 2759 1635 2790 Dc.
1657 2746 1760 2805 Sysl.

86 2800 139 2854 ΙΙ,
167 2814 209 2857 p.
241 2798 340 2842 661.
371 2797 458 2841 Del.
490 2798 545 2841 Ic.
578 2798 630 2850 ΙΙ,
659 2798 743 2842 tab.
775 2797 845 2841 93.

144 2870 244 2907 Hab.
270 2869 306 2905 in
323 2867 499 2915 AEgypto
525 2863 738 2921 (Granger,
766 2867 953 2918 Figaril).
