2021 3235
876 153 958 196 127

84 254 355 302 Mouraddagh
389 255 459 293 alt.
496 252 624 294 7000‘
660 249 822 306 (Ball),
856 256 1010 295 Taurus
1038 257 1220 296 Cilicicus
1257 259 1367 309 (Kyl
1394 262 1543 312 Ball),
1574 264 1757 304 Armenia

84 315 253 353 Turcica
278 313 433 363 (Huetl)
450 317 488 352 et
509 315 674 352 Rossica
688 326 811 363 prope
827 315 973 353 Erivan
994 312 1198 366 (Buhsei),
1217 317 1337 368 Cypri
1352 325 1500 358 montes
1518 321 1657 371 (Sibth.
1677 326 1755 373 Ky.

82 385 164 412 eXS.
189 371 330 423 7181),
356 373 470 422 Syria
493 374 531 410 in
557 374 707 411 Amano
731 370 877 428 (Auch.
905 386 985 413 eXS.
1009 369 1155 425 402l),
1176 376 1348 415 Libanus
1372 379 1409 415 in
1433 380 1589 419 cedreto
1617 379 1756 436 (Rothl

78 433 422 482 Bourquenoudl),
450 433 697 470 Antilibanus
720 433 759 469 in
782 434 979 471 Hermone
1006 436 1070 473 alt.
1099 433 1229 475 9000'
1248 437 1342 485 (Ky.
1367 449 1447 476 exs.
1471 437 1613 491 1852),
1636 442 1754 490 Assy-

80 492 140 530 ria
159 489 315 543 (Olivl),
336 492 473 529 Persia
493 492 666 530 borealis
692 492 731 529 in
751 492 849 541 jugo
877 492 1108 532 Elbursensi
1131 493 1337 549 (Bungel).
1366 497 1425 535 Fl.
1454 510 1556 537 vere.

141 557 276 596 Tuber
300 557 487 609 solidum;
512 558 636 595 variat
658 558 820 596 floribus
860 559 1031 597 breviter
1062 561 1263 609 petiolatis
1293 563 1355 599 vel
1388 564 1588 603 sessilibus
1613 570 1649 603 et
1673 571 1762 605 tunc

84 620 285 665 segmenta
307 617 538 665 petiolulata
571 617 805 655 verticillum
829 629 898 655 sex
922 617 1107 657 foliorum
1132 621 1324 659 simulant.
1350 622 1443 660 Haec
1469 629 1670 671 segmenta
1690 638 1763 662 va-

83 676 186 714 riant
208 676 297 724 plus
320 676 446 713 minus
469 675 595 714 divisa
617 676 758 714 obtusa
794 677 857 716 vel
890 678 1152 726 acutiuscula,
1179 680 1361 728 pollicem
1398 681 1515 730 longa
1546 685 1606 720 vel
1648 685 1763 732 duplo

82 735 250 784 triplove
271 735 432 773 minora.
458 735 596 773 Flores
620 747 770 774 amoene
796 736 902 773 rosei
926 735 1030 777 7-15
1056 738 1180 776 lineas
1203 740 1325 789 longi.
1344 740 1450 778 Inter
1467 754 1600 780 omnes
1619 743 1763 781 formas

82 795 269 833 transitus
292 795 446 832 adsunt.
462 815 519 823 —-
546 794 587 833 C.
616 794 906 834 Ledebouriana
929 796 1026 834 Kar.
1059 801 1097 835 et
1119 797 1207 836 Kir.
1233 810 1253 835 e
1278 798 1471 847 Songaria
1491 802 1605 839 valde
1636 802 1762 840 affinis

82 865 238 951 ragemo
263 855 351 892 laxo
376 858 414 892 et
436 855 640 902 pedicellis
664 855 876 894 fructiferis
909 856 1218 896 horizontalibus
1247 861 1376 896 tamen
1404 860 1584 907 specifice
1613 861 1766 899 differre

84 913 122 950 vi
153 917 248 951 etur.

143 980 188 1032 β.
218 977 489 1033 subunillora
522 977 654 1021 Boiss.
693 984 734 1021 et
769 978 915 1021 Heldr.
952 978 1099 1035 Diagn.
1130 979 1219 1022 Ser.
1259 981 1292 1023 Ι.
1321 981 1431 1035 Vlll,
1459 996 1502 1038 p.
1533 982 1603 1025 M.
1636 984 1766 1027 Race-

84 1050 190 1079 mus>
219 1036 271 1079 ad
303 1036 429 1079 ssores
472 1035 550 1078 1³2
588 1037 803 1079 reductus.
849 1036 1058 1080 Fumaria
1093 1038 1282 1094 unislora
1310 1039 1421 1082 Sieb.
1454 1040 1565 1082 Reis.
1605 1042 1689 1084 tab.
1722 1042 1763 1085 8.

90 1093 186 1137 Cor.
216 1095 367 1151 alpina
398 1094 441 1138 C.
472 1095 588 1137 Koch
627 1095 749 1137 Linn.
780 1095 866 1148 XV,
895 1111 936 1153 p.
968 1095 1053 1138 <2592
1079 1110 1165 1139 non
1190 1097 1227 1139 J.
1258 1098 1369 1155 Gay!

144 1166 243 1204 Hab.
267 1166 306 1202 in
331 1166 520 1214 lapidosis
544 1166 718 1214 regionis
740 1166 881 1215 alpinae
914 1167 1102 1205 montium
1129 1167 1274 1205 Lassiti
1299 1168 1424 1206 Cretae
1446 1169 1553 1217 (Sieb
1569 1172 1576 1207 !
1593 1166 1767 1225 Heldrl),

87 1225 283 1263 montibus
306 1225 501 1264 Armeniae
524 1225 585 1272 (C.
603 1225 776 1274 Kochl).

145 1294 326 1332 Formam
349 1295 557 1343 analogam
580 1294 619 1332 in
643 1297 774 1333 monte
797 1294 941 1332 Elburs
963 1306 1088 1343 prope
1111 1294 1314 1334 Schahrud
1332 1296 1428 1345 legit
1454 1297 1501 1335 cl.
1527 1297 1696 1336 Bienert.

148 1459 202 1503 C.
235 1458 473 1502 Persica
514 1456 606 1513 (Ch.
643 1463 684 1500 et
709 1456 821 1500 Schl.
853 1456 974 1498 Linn.
1006 1456 1046 1507 l,
1075 1470 1116 1513 p.
1149 1455 1258 1513 567)
1289 1456 1399 1500 toliis
1431 1457 1609 1500 caulinis
1645 1458 1770 1501 sessi-

91 1516 200 1560 libus
226 1515 408 1559 trisectis
435 1515 715 1559 divisionibus
743 1516 865 1570 longe
892 1514 1149 1572 petiolulatis
1173 1515 1292 1557 valde
1319 1515 1598 1572 inaequalibus
1630 1516 1770 1573 bipin-

90 1574 305 1618 natisectis
332 1574 563 1630 segmentis
592 1574 786 1631 oblongis
813 1573 977 1626 incisis,
1006 1573 1190 1616 bracteis
1217 1573 1349 1616 ovatis
1382 1573 1581 1629 integris,
1609 1576 1771 1618 calcare

92 1634 242 1677 obtuso
267 1633 386 1676 valde
413 1633 588 1676 incurvo
616 1631 877 1684 ascendenti,
907 1632 1078 1688 capsula
1110 1635 1230 1675 ovata
1256 1632 1460 1689 pedicello
1488 1646 1665 1675 recurvo
1692 1647 1771 1676 nu-

93 1692 196 1736 tanti
233 1700 269 1741 26
286 1727 293 1734 .
327 1690 374 1734 C.
405 1692 623 1748 rutoefolia
654 1691 785 1735 Boiss.
817 1697 859 1734 et
884 1690 1024 1733 Buhse
1050 1690 1168 1733 Ausz.
1201 1704 1286 1733 non
1312 1703 1379 1734 Dc.

151 1763 248 1802 Hab.
277 1762 316 1799 in
344 1762 479 1800 Persia
504 1763 589 1800 bor.
616 1761 743 1812 (herb.
769 1760 922 1808 Gmel.)
957 1760 997 1797 in
1027 1759 1203 1799 herbidis
1229 1771 1339 1808 prov.
1377 1760 1621 1809 AderbidJan
1652 1772 1775 1809 prope

93 1822 272 1860 Deliman
296 1822 425 1870 (Szow
440 1819 494 1873 ἶ),
517 1833 641 1870 prope
665 1820 839 1859 Massula
861 1817 1005 1872 (Buhse
1023 1817 1067 1871 l).

152 1890 316 1928 Videtur
337 1902 360 1927 a
383 1889 629 1938 praecedente
654 1888 838 1927 distincta
874 1886 978 1925 foliis
1009 1887 1129 1925 multo
1156 1886 1279 1934 magis
1307 1886 1608 1937 decompositis,
1635 1886 1774 1924 divisio

94 1949 326 1988 intermedia
350 1949 575 1988 lateralibus
598 1948 717 1997 duplo
742 1949 806 1986 vel
829 1946 946 1995 triplo
969 1946 1150 1996 amplior,
1176 1946 1293 1984 flores
1316 1945 1500 1994 pollicem
1538 1949 1577 1983 et
1607 1946 1774 1993 amplius

94 2009 213 2058 longi.

155 2161 209 2205 C.
243 2160 529 2204 Griffithii
556 2159 706 2215 (Boiss.
737 2159 886 2214 Diagn.
916 2157 1007 2202 Ser.
1039 2158 1091 2211 ΙΙ,
1128 2158 1161 2211 1,
1185 2172 1227 2214 p.
1258 2156 1462 2213 15)f01iis
1489 2156 1667 2200 caulinis
1694 2171 1778 2200 ses-

98 2218 246 2262 silibus
277 2217 462 2262 trisectis
502 2217 783 2261 divisionibus
824 2217 942 2260 valde
983 2215 1266 2273 inaequalibus
1308 2214 1645 2272 bipinnatisectis
1685 2229 1778 2269 seg-

99 2276 250 2320 mentis
291 2276 487 2334 oblongis
528 2276 673 2320 incisis
699 2277 763 2319 vel
790 2275 957 2333 partitis
984 2274 1196 2318 terminali
1240 2273 1413 2331 majori,
1455 2272 1638 2316 bracteis
1672 2272 1778 2315 inte-

99 2334 186 2391 gris
212 2333 666 2392 oblongo-lanceol'atis
684 2333 956 2388 acuminatis,
976 2334 1140 2377 calcare
1158 2332 1332 2375 incurvo
1349 2332 1500 2374 obtuso
1518 2331 1777 2384 ascendenti,

100 2394 270 2451 capsula
277 2427 364 2436 .....
410 2401 471 2443 26.
514 2393 563 2437 C.
598 2393 815 2450 rutaesolia
850 2392 986 2435 Hook.
1028 2398 1069 2435 et
1108 2391 1185 2434 Th.
1230 2390 1289 2432 Fl.
1338 2389 1469 2432 Indic.
1520 2390 1690 2445 (saltem
1733 2403 1778 2432 ex

101 2452 238 2509 parte)
265 2465 352 2495 non
377 2451 512 2496 Sibth.

158 2523 259 2561 Hab.
281 2523 320 2560 in
344 2523 555 2572 Affghania
576 2534 700 2572 prope
722 2521 933 2560 Bharowul
958 2518 1074 2573 (Griff
1085 2521 1123 2569 1).

160 2588 282 2627 Foliis
307 2589 709 2638 supradecompositis
740 2588 857 2626 valde
880 2588 1006 2625 affinis
1031 2585 1266 2635 praecedenti
1295 2588 1333 2622 et
1357 2583 1488 2621 forsan
1514 2578 1650 2620 melius
1688 2586 1781 2620 nota

106 2659 191 2686 cum
216 2648 263 2686 ea
285 2649 560 2698 conjungenda
581 2649 710 2686 differt
731 2647 942 2696 segmentis
966 2645 1235 2684 terminalibus
1271 2644 1387 2681 multo
1415 2642 1643 2691 majoribus,
1667 2642 1781 2679 brac-

107 2707 180 2745 teis
203 2707 433 2746 lanceolatis
457 2708 594 2757 acutis,
619 2707 714 2745 flore
738 2706 899 2745 dimidio
920 2705 1073 2743 minori.

170 2884 224 2928 G.
256 2884 641 2928 verticillaris
668 2883 755 2940 (nc.
790 2881 897 2939 Syst.
930 2881 988 2933 ΙΙ,
1017 2893 1056 2936 p.
1088 2878 1197 2934 144)
1225 2875 1334 2919 soliis
1362 2873 1540 2938 caulinis
1567 2873 1782 2915 sessilibus

112 2940 292 2985 trisectis
318 2941 598 2985 divisionibus
622 2942 747 2998 longe
773 2937 1031 2997 petiolulatis
1057 2937 1099 2980 in
1125 2934 1330 2978 lacinulas
1357 2932 1553 2975 minimas
1580 2931 1782 2985 oblongas
