<?xml version="1.0" encoding="UTF-8"?>
<!DOCTYPE html PUBLIC "-//W3C//DTD XHTML 1.0 Transitional//EN"
    "http://www.w3.org/TR/xhtml1/DTD/xhtml1-transitional.dtd">
<html xmlns="http://www.w3.org/1999/xhtml" xml:lang="en" lang="en">
 <head>
  <title>
</title>
<meta http-equiv="Content-Type" content="text/html;charset=utf-8" />
  <meta name='ocr-system' content='tesseract 3.04.00' />
  <meta name='ocr-capabilities' content='ocr_page ocr_carea ocr_par ocr_line ocrx_word'/>
</head>
<body>
  <div class='ocr_page' id='page_1' title='image "./floraorientaliss01bois_0335.png"; bbox 0 0 2021 3235; ppageno 0'>
   <div class='ocr_carea' id='block_1_1' title="bbox 903 109 979 152">
    <p class='ocr_par' dir='ltr' id='par_1_1' title="bbox 903 109 979 152">
     <span class='ocr_line' id='line_1_1' title="bbox 903 109 979 152; baseline 0 -1"><span class='ocrx_word' id='word_1_1' title='bbox 903 109 979 152; x_wconf 60' lang='lat'>0291</span> 
     </span>
    </p>
   </div>
   <div class='ocr_carea' id='block_1_2' title="bbox 109 200 1781 318">
    <p class='ocr_par' dir='ltr' id='par_1_2' title="bbox 109 200 1781 318">
     <span class='ocr_line' id='line_1_2' title="bbox 162 200 1781 257; baseline 0 -14"><span class='ocrx_word' id='word_1_2' title='bbox 162 206 263 244; x_wconf 86' lang='lat' dir='ltr'>Hab.</span> <span class='ocrx_word' id='word_1_3' title='bbox 288 206 325 243; x_wconf 91' lang='lat' dir='ltr'>in</span> <span class='ocrx_word' id='word_1_4' title='bbox 348 205 474 243; x_wconf 73' lang='lat' dir='ltr'>insula</span> <span class='ocrx_word' id='word_1_5' title='bbox 496 203 669 252; x_wconf 73' lang='lat' dir='ltr'>Corcyra</span> <span class='ocrx_word' id='word_1_6' title='bbox 694 200 802 257; x_wconf 90' lang='lat' dir='ltr'>(Oliv</span> <span class='ocrx_word' id='word_1_7' title='bbox 819 202 866 257; x_wconf 71' lang='grc' dir='ltr'>ἶ),</span> <span class='ocrx_word' id='word_1_8' title='bbox 894 204 1079 241; x_wconf 66' lang='lat' dir='ltr'>Armenia</span> <span class='ocrx_word' id='word_1_9' title='bbox 1103 204 1151 241; x_wconf 90' lang='lat' dir='ltr'>ad</span> <span class='ocrx_word' id='word_1_10' title='bbox 1177 204 1398 253; x_wconf 85' lang='lat' dir='ltr'>Erzinghan</span> <span class='ocrx_word' id='word_1_11' title='bbox 1422 203 1561 257; x_wconf 85' lang='lat' dir='ltr'>(Tchih</span> <span class='ocrx_word' id='word_1_12' title='bbox 1581 204 1589 243; x_wconf 91' lang='lat'><strong>!</strong></span> <span class='ocrx_word' id='word_1_13' title='bbox 1612 209 1637 254; x_wconf 85' lang='lat'>),</span> <span class='ocrx_word' id='word_1_14' title='bbox 1673 219 1781 254; x_wconf 80' lang='lat' dir='ltr'>prov.</span> 
     </span>
     <span class='ocr_line' id='line_1_3' title="bbox 109 259 920 318; baseline -0.001 -16"><span class='ocrx_word' id='word_1_15' title='bbox 109 265 453 303; x_wconf 82' lang='lat' dir='ltr'>Transcaucasicis</span> <span class='ocrx_word' id='word_1_16' title='bbox 477 262 538 318; x_wconf 86' lang='lat' dir='ltr'>(C.</span> <span class='ocrx_word' id='word_1_17' title='bbox 564 263 691 301; x_wconf 83' lang='lat' dir='ltr'>Koch.</span> <span class='ocrx_word' id='word_1_18' title='bbox 717 263 858 301; x_wconf 88' lang='lat' dir='ltr'>Hohen</span> <span class='ocrx_word' id='word_1_19' title='bbox 874 259 920 318; x_wconf 79' lang='lat' dir='ltr'>l).</span> 
     </span>
    </p>
   </div>
   <div class='ocr_carea' id='block_1_3' title="bbox 110 325 1791 627">
    <p class='ocr_par' dir='ltr' id='par_1_3' title="bbox 110 325 1791 500">
     <span class='ocr_line' id='line_1_4' title="bbox 167 325 1791 383; baseline -0.001 -13"><span class='ocrx_word' id='word_1_20' title='bbox 167 329 213 383; x_wconf 84' lang='grc' dir='ltr'>β.</span> <span class='ocrx_word' id='word_1_21' title='bbox 234 327 420 383; x_wconf 76' lang='lat' dir='ltr'>obliqua.</span> <span class='ocrx_word' id='word_1_22' title='bbox 442 325 614 370; x_wconf 86' lang='lat' dir='ltr'>Racemi</span> <span class='ocrx_word' id='word_1_23' title='bbox 633 325 870 377; x_wconf 75' lang='lat' dir='ltr'>densiores,</span> <span class='ocrx_word' id='word_1_24' title='bbox 886 325 1060 368; x_wconf 77' lang='lat' dir='ltr'>siliculae</span> <span class='ocrx_word' id='word_1_25' title='bbox 1078 326 1171 381; x_wconf 87' lang='lat' dir='ltr'>plus</span> <span class='ocrx_word' id='word_1_26' title='bbox 1189 325 1378 368; x_wconf 86' lang='lat' dir='ltr'>minusve</span> <span class='ocrx_word' id='word_1_27' title='bbox 1397 327 1791 383; x_wconf 81' lang='lat' dir='ltr'>stellato-pubcrulae</span> 
     </span>
     <span class='ocr_line' id='line_1_5' title="bbox 110 383 1787 442; baseline -0.001 -14"><span class='ocrx_word' id='word_1_28' title='bbox 110 386 316 442; x_wconf 84' lang='lat' dir='ltr'>pedicello</span> <span class='ocrx_word' id='word_1_29' title='bbox 343 385 487 429; x_wconf 83' lang='lat' dir='ltr'>stricto</span> <span class='ocrx_word' id='word_1_30' title='bbox 513 384 710 428; x_wconf 78' lang='lat' dir='ltr'>suffultae.</span> <span class='ocrx_word' id='word_1_31' title='bbox 758 384 810 426; x_wconf 88' lang='grc' dir='ltr'>Β.</span> <span class='ocrx_word' id='word_1_32' title='bbox 841 385 1014 441; x_wconf 76' lang='lat' dir='ltr'>obliqua</span> <span class='ocrx_word' id='word_1_33' title='bbox 1050 383 1275 426; x_wconf 68' lang='lat' dir='ltr'>Sibth.,F1.</span> <span class='ocrx_word' id='word_1_34' title='bbox 1307 384 1459 436; x_wconf 55' lang='lat' dir='ltr'>Graec„</span> <span class='ocrx_word' id='word_1_35' title='bbox 1492 385 1573 426; x_wconf 78' lang='lat' dir='ltr'>[ab.</span> <span class='ocrx_word' id='word_1_36' title='bbox 1606 384 1704 427; x_wconf 65' lang='lat'><strong>6023.</strong></span> <span class='ocrx_word' id='word_1_37' title='bbox 1739 385 1787 426; x_wconf 88' lang='grc' dir='ltr'>Β.</span> 
     </span>
     <span class='ocr_line' id='line_1_6' title="bbox 114 441 1036 500; baseline -0.005 -12"><span class='ocrx_word' id='word_1_38' title='bbox 114 444 256 488; x_wconf 80' lang='lat' dir='ltr'>Graeca</span> <span class='ocrx_word' id='word_1_39' title='bbox 282 444 414 487; x_wconf 65' lang='lat' dir='ltr'>Boiss</span> <span class='ocrx_word' id='word_1_40' title='bbox 446 444 594 499; x_wconf 77' lang='lat' dir='ltr'>Diagn.</span> <span class='ocrx_word' id='word_1_41' title='bbox 627 443 718 486; x_wconf 89' lang='lat' dir='ltr'>Ser.</span> <span class='ocrx_word' id='word_1_42' title='bbox 748 442 801 496; x_wconf 87' lang='grc' dir='ltr'>ΙΙ,</span> <span class='ocrx_word' id='word_1_43' title='bbox 831 443 863 496; x_wconf 86' lang='grc' dir='ltr'>Ι,</span> <span class='ocrx_word' id='word_1_44' title='bbox 894 457 935 500; x_wconf 93' lang='lat' dir='ltr'>p.</span> <span class='ocrx_word' id='word_1_45' title='bbox 966 441 1036 485; x_wconf 80' lang='lat'>35.</span> 
     </span>
    </p>

    <p class='ocr_par' dir='ltr' id='par_1_4' title="bbox 115 510 1788 627">
     <span class='ocr_line' id='line_1_7' title="bbox 169 510 1788 564; baseline -0.001 -12"><span class='ocrx_word' id='word_1_46' title='bbox 169 515 269 553; x_wconf 83' lang='lat' dir='ltr'>Hab.</span> <span class='ocrx_word' id='word_1_47' title='bbox 294 515 333 551; x_wconf 91' lang='lat' dir='ltr'>in</span> <span class='ocrx_word' id='word_1_48' title='bbox 357 515 549 562; x_wconf 74' lang='lat' dir='ltr'>glareosis</span> <span class='ocrx_word' id='word_1_49' title='bbox 572 514 799 553; x_wconf 86' lang='lat' dir='ltr'>torrentium</span> <span class='ocrx_word' id='word_1_50' title='bbox 825 513 984 552; x_wconf 83' lang='lat' dir='ltr'>Graeeiae</span> <span class='ocrx_word' id='word_1_51' title='bbox 1006 513 1044 549; x_wconf 92' lang='lat' dir='ltr'>in</span> <span class='ocrx_word' id='word_1_52' title='bbox 1073 513 1221 550; x_wconf 73' lang='lat' dir='ltr'>OEtolia</span> <span class='ocrx_word' id='word_1_53' title='bbox 1242 510 1383 564; x_wconf 86' lang='lat' dir='ltr'>(Sprun</span> <span class='ocrx_word' id='word_1_54' title='bbox 1401 512 1442 563; x_wconf 72' lang='lat'>2),</span> <span class='ocrx_word' id='word_1_55' title='bbox 1468 513 1637 551; x_wconf 78' lang='lat' dir='ltr'>Arcadia</span> <span class='ocrx_word' id='word_1_56' title='bbox 1665 513 1788 551; x_wconf 85' lang='lat' dir='ltr'>occid.</span> 
     </span>
     <span class='ocr_line' id='line_1_8' title="bbox 115 570 541 627; baseline 0.005 -17"><span class='ocrx_word' id='word_1_57' title='bbox 115 577 153 611; x_wconf 85' lang='lat' dir='ltr'>et</span> <span class='ocrx_word' id='word_1_58' title='bbox 174 573 323 612; x_wconf 70' lang='lat' dir='ltr'>Achaia</span> <span class='ocrx_word' id='word_1_59' title='bbox 349 570 541 627; x_wconf 73' lang='lat' dir='ltr'>(Heldrl).</span> 
     </span>
    </p>
   </div>
   <div class='ocr_carea' id='block_1_4' title="bbox 118 638 1792 750">
    <p class='ocr_par' dir='ltr' id='par_1_5' title="bbox 118 638 1792 750">
     <span class='ocr_line' id='line_1_9' title="bbox 173 638 1792 689; baseline -0.002 -10"><span class='ocrx_word' id='word_1_60' title='bbox 173 642 324 679; x_wconf 77' lang='lat' dir='ltr'>Formae</span> <span class='ocrx_word' id='word_1_61' title='bbox 346 642 445 679; x_wconf 87' lang='lat' dir='ltr'>inter</span> <span class='ocrx_word' id='word_1_62' title='bbox 470 642 697 679; x_wconf 76' lang='lat' dir='ltr'>varietatem</span> <span class='ocrx_word' id='word_1_63' title='bbox 725 644 762 678; x_wconf 83' lang='lat' dir='ltr'>et</span> <span class='ocrx_word' id='word_1_64' title='bbox 787 644 921 688; x_wconf 86' lang='lat' dir='ltr'>typum</span> <span class='ocrx_word' id='word_1_65' title='bbox 946 643 1177 689; x_wconf 76' lang='lat' dir='ltr'>occurrunt3</span> <span class='ocrx_word' id='word_1_66' title='bbox 1206 639 1322 677; x_wconf 85' lang='lat' dir='ltr'>flores</span> <span class='ocrx_word' id='word_1_67' title='bbox 1351 639 1429 676; x_wconf 84' lang='lat' dir='ltr'><strong>albi</strong></span> <span class='ocrx_word' id='word_1_68' title='bbox 1456 638 1545 676; x_wconf 92' lang='lat' dir='ltr'>dein</span> <span class='ocrx_word' id='word_1_69' title='bbox 1570 639 1792 687; x_wconf 86' lang='lat' dir='ltr'>frequenter</span> 
     </span>
     <span class='ocr_line' id='line_1_10' title="bbox 118 701 398 750; baseline 0 -11"><span class='ocrx_word' id='word_1_70' title='bbox 118 701 264 750; x_wconf 88' lang='lat' dir='ltr'>pallide</span> <span class='ocrx_word' id='word_1_71' title='bbox 282 701 398 740; x_wconf 82' lang='lat' dir='ltr'>rosei.</span> 
     </span>
    </p>
   </div>
   <div class='ocr_carea' id='block_1_5' title="bbox 121 860 1801 1154">
    <p class='ocr_par' dir='ltr' id='par_1_6' title="bbox 121 860 1801 1154">
     <span class='ocr_line' id='line_1_11' title="bbox 176 860 1800 918; baseline -0.002 -12"><span class='ocrx_word' id='word_1_72' title='bbox 176 863 234 906; x_wconf 84' lang='lat' dir='ltr'>B.</span> <span class='ocrx_word' id='word_1_73' title='bbox 263 863 593 906; x_wconf 85' lang='lat' dir='ltr'>orbiculata</span> <span class='ocrx_word' id='word_1_74' title='bbox 627 861 718 918; x_wconf 87' lang='lat' dir='ltr'>(Dc.</span> <span class='ocrx_word' id='word_1_75' title='bbox 749 861 853 918; x_wconf 80' lang='lat' dir='ltr'>Syst.</span> <span class='ocrx_word' id='word_1_76' title='bbox 888 861 940 914; x_wconf 92' lang='lat' dir='ltr'>ll,</span> <span class='ocrx_word' id='word_1_77' title='bbox 980 876 1021 918; x_wconf 91' lang='lat' dir='ltr'>p.</span> <span class='ocrx_word' id='word_1_78' title='bbox 1054 860 1156 918; x_wconf 64' lang='lat'>29:2³)</span> <span class='ocrx_word' id='word_1_79' title='bbox 1204 861 1314 904; x_wconf 88' lang='lat' dir='ltr'>foliis</span> <span class='ocrx_word' id='word_1_80' title='bbox 1356 861 1800 916; x_wconf 77' lang='lat' dir='ltr'>oblongo-lanceolalis</span> 
     </span>
     <span class='ocr_line' id='line_1_12' title="bbox 121 919 1801 978; baseline -0.002 -14"><span class='ocrx_word' id='word_1_81' title='bbox 121 920 336 978; x_wconf 81' lang='lat' dir='ltr'>repandis,</span> <span class='ocrx_word' id='word_1_82' title='bbox 365 921 545 964; x_wconf 78' lang='lat' dir='ltr'>racemis</span> <span class='ocrx_word' id='word_1_83' title='bbox 572 920 801 963; x_wconf 76' lang='lat' dir='ltr'>fructiferis</span> <span class='ocrx_word' id='word_1_84' title='bbox 829 920 947 973; x_wconf 80' lang='lat' dir='ltr'>laxis,</span> <span class='ocrx_word' id='word_1_85' title='bbox 978 919 1152 962; x_wconf 89' lang='lat' dir='ltr'>siliculis</span> <span class='ocrx_word' id='word_1_86' title='bbox 1180 920 1383 976; x_wconf 84' lang='lat' dir='ltr'>pediccllo</span> <span class='ocrx_word' id='word_1_87' title='bbox 1402 921 1703 976; x_wconf 76' lang='lat' dir='ltr'>erecto-palulo</span> <span class='ocrx_word' id='word_1_88' title='bbox 1721 920 1801 961; x_wconf 86' lang='lat' dir='ltr'>suf-</span> 
     </span>
     <span class='ocr_line' id='line_1_13' title="bbox 121 977 1799 1035; baseline -0.001 -13"><span class='ocrx_word' id='word_1_89' title='bbox 121 979 234 1023; x_wconf 85' lang='lat' dir='ltr'>fultis</span> <span class='ocrx_word' id='word_1_90' title='bbox 276 979 494 1035; x_wconf 81' lang='lat' dir='ltr'>puberulis</span> <span class='ocrx_word' id='word_1_91' title='bbox 534 980 597 1022; x_wconf 92' lang='lat' dir='ltr'>vel</span> <span class='ocrx_word' id='word_1_92' title='bbox 638 978 840 1034; x_wconf 72' lang='lat' dir='ltr'>glabratis</span> <span class='ocrx_word' id='word_1_93' title='bbox 891 978 1341 1022; x_wconf 76' lang='lat' dir='ltr'>obovato-orbiculatis</span> <span class='ocrx_word' id='word_1_94' title='bbox 1381 977 1799 1034; x_wconf 81' lang='lat' dir='ltr'>plano-compressis,</span> 
     </span>
     <span class='ocr_line' id='line_1_14' title="bbox 121 1035 1801 1093; baseline -0.002 -12"><span class='ocrx_word' id='word_1_95' title='bbox 121 1038 354 1082; x_wconf 88' lang='lat' dir='ltr'>seminibus</span> <span class='ocrx_word' id='word_1_96' title='bbox 382 1037 601 1080; x_wconf 78' lang='lat' dir='ltr'>latiuscule</span> <span class='ocrx_word' id='word_1_97' title='bbox 628 1037 877 1093; x_wconf 74' lang='lat' dir='ltr'>marginalis</span> <span class='ocrx_word' id='word_1_98' title='bbox 905 1039 975 1093; x_wconf 61' lang='grc' dir='ltr'>Θ.</span> <span class='ocrx_word' id='word_1_99' title='bbox 1022 1037 1224 1093; x_wconf 73' lang='lat' dir='ltr'>Alyssum</span> <span class='ocrx_word' id='word_1_100' title='bbox 1249 1037 1558 1092; x_wconf 68' lang='lat' dir='ltr'>samolz&#39;solc&#39;mn</span> <span class='ocrx_word' id='word_1_101' title='bbox 1585 1036 1695 1078; x_wconf 89' lang='lat' dir='ltr'>Desf.</span> <span class='ocrx_word' id='word_1_102' title='bbox 1726 1035 1801 1078; x_wconf 90' lang='lat' dir='ltr'>Co-</span> 
     </span>
     <span class='ocr_line' id='line_1_15' title="bbox 123 1095 1163 1154; baseline -0.001 -15"><span class='ocrx_word' id='word_1_103' title='bbox 123 1098 238 1148; x_wconf 79' lang='lat' dir='ltr'>roll.‚</span> <span class='ocrx_word' id='word_1_104' title='bbox 268 1110 308 1153; x_wconf 91' lang='lat' dir='ltr'>p.</span> <span class='ocrx_word' id='word_1_105' title='bbox 340 1095 412 1150; x_wconf 80' lang='lat'>66,</span> <span class='ocrx_word' id='word_1_106' title='bbox 443 1096 528 1139; x_wconf 82' lang='lat' dir='ltr'>tab.</span> <span class='ocrx_word' id='word_1_107' title='bbox 560 1095 616 1139; x_wconf 76' lang='lat'>49</span> <span class='ocrx_word' id='word_1_108' title='bbox 646 1096 767 1153; x_wconf 83' lang='lat' dir='ltr'>(excl.</span> <span class='ocrx_word' id='word_1_109' title='bbox 800 1110 948 1154; x_wconf 84' lang='lat' dir='ltr'>synon.</span> <span class='ocrx_word' id='word_1_110' title='bbox 981 1096 1163 1152; x_wconf 82' lang='lat' dir='ltr'>Toum.)</span> 
     </span>
    </p>
   </div>
   <div class='ocr_carea' id='block_1_6' title="bbox 124 1171 1801 1288">
    <p class='ocr_par' dir='ltr' id='par_1_7' title="bbox 124 1171 1801 1288">
     <span class='ocr_line' id='line_1_16' title="bbox 181 1171 1801 1228; baseline -0.002 -16"><span class='ocrx_word' id='word_1_111' title='bbox 181 1175 281 1213; x_wconf 88' lang='lat' dir='ltr'>Hab.</span> <span class='ocrx_word' id='word_1_112' title='bbox 305 1175 342 1212; x_wconf 91' lang='lat' dir='ltr'>in</span> <span class='ocrx_word' id='word_1_113' title='bbox 361 1175 596 1213; x_wconf 71' lang='lat' dir='ltr'>Macedoniae</span> <span class='ocrx_word' id='word_1_114' title='bbox 613 1176 806 1214; x_wconf 89' lang='lat' dir='ltr'>montibus</span> <span class='ocrx_word' id='word_1_115' title='bbox 825 1187 948 1224; x_wconf 81' lang='lat' dir='ltr'>prope</span> <span class='ocrx_word' id='word_1_116' title='bbox 966 1175 1252 1222; x_wconf 76' lang='lat' dir='ltr'>Trapezuntem</span> <span class='ocrx_word' id='word_1_117' title='bbox 1281 1171 1422 1228; x_wconf 86' lang='lat' dir='ltr'>(Auch.</span> <span class='ocrx_word' id='word_1_118' title='bbox 1444 1186 1524 1211; x_wconf 84' lang='lat' dir='ltr'>exs.</span> <span class='ocrx_word' id='word_1_119' title='bbox 1545 1171 1655 1213; x_wconf 78' lang='lat'>260!</span> <span class='ocrx_word' id='word_1_120' title='bbox 1677 1174 1801 1210; x_wconf 83' lang='lat' dir='ltr'>Huet!</span> 
     </span>
     <span class='ocr_line' id='line_1_17' title="bbox 124 1227 1078 1288; baseline -0.001 -16"><span class='ocrx_word' id='word_1_121' title='bbox 124 1227 276 1284; x_wconf 82' lang='lat' dir='ltr'>Bourg!</span> <span class='ocrx_word' id='word_1_122' title='bbox 304 1235 368 1284; x_wconf 88' lang='lat' dir='ltr'>Ky</span> <span class='ocrx_word' id='word_1_123' title='bbox 392 1234 527 1283; x_wconf 85' lang='lat' dir='ltr'>Suppl.</span> <span class='ocrx_word' id='word_1_124' title='bbox 556 1233 662 1274; x_wconf 77' lang='lat'>7521</span> <span class='ocrx_word' id='word_1_125' title='bbox 690 1236 760 1273; x_wconf 88' lang='lat' dir='ltr'>sub</span> <span class='ocrx_word' id='word_1_126' title='bbox 788 1235 829 1273; x_wconf 87' lang='lat' dir='ltr'>B.</span> <span class='ocrx_word' id='word_1_127' title='bbox 857 1233 1078 1288; x_wconf 72' lang='lat' dir='ltr'>mutabili).</span> 
     </span>
    </p>
   </div>
   <div class='ocr_carea' id='block_1_7' title="bbox 122 1299 1804 1472">
    <p class='ocr_par' dir='ltr' id='par_1_8' title="bbox 122 1299 1804 1472">
     <span class='ocr_line' id='line_1_18' title="bbox 187 1299 1803 1352; baseline -0.001 -12"><span class='ocrx_word' id='word_1_128' title='bbox 187 1303 320 1341; x_wconf 86' lang='lat' dir='ltr'>Variat</span> <span class='ocrx_word' id='word_1_129' title='bbox 348 1303 508 1341; x_wconf 85' lang='lat' dir='ltr'>floribus</span> <span class='ocrx_word' id='word_1_130' title='bbox 537 1305 635 1342; x_wconf 85' lang='lat' dir='ltr'>albis</span> <span class='ocrx_word' id='word_1_131' title='bbox 661 1305 721 1342; x_wconf 89' lang='lat' dir='ltr'>vel</span> <span class='ocrx_word' id='word_1_132' title='bbox 749 1304 893 1352; x_wconf 85' lang='lat' dir='ltr'>pallide</span> <span class='ocrx_word' id='word_1_133' title='bbox 917 1304 1042 1342; x_wconf 84' lang='lat' dir='ltr'>luteis.</span> <span class='ocrx_word' id='word_1_134' title='bbox 1078 1303 1245 1340; x_wconf 85' lang='lat' dir='ltr'>Siliculae</span> <span class='ocrx_word' id='word_1_135' title='bbox 1267 1303 1379 1350; x_wconf 81' lang='lat' dir='ltr'>apice</span> <span class='ocrx_word' id='word_1_136' title='bbox 1403 1303 1616 1340; x_wconf 76' lang='lat' dir='ltr'>subretusae</span> <span class='ocrx_word' id='word_1_137' title='bbox 1649 1312 1750 1348; x_wconf 82' lang='lat' dir='ltr'>saepe</span> <span class='ocrx_word' id='word_1_138' title='bbox 1777 1299 1803 1339; x_wconf 83' lang='lat'>5</span> 
     </span>
     <span class='ocr_line' id='line_1_19' title="bbox 122 1361 1804 1410; baseline -0.002 -11"><span class='ocrx_word' id='word_1_139' title='bbox 122 1363 244 1400; x_wconf 80' lang='lat' dir='ltr'>lineas</span> <span class='ocrx_word' id='word_1_140' title='bbox 268 1364 393 1410; x_wconf 82' lang='lat' dir='ltr'>longae</span> <span class='ocrx_word' id='word_1_141' title='bbox 417 1363 486 1400; x_wconf 84' lang='lat' dir='ltr'>sed</span> <span class='ocrx_word' id='word_1_142' title='bbox 511 1364 703 1401; x_wconf 85' lang='lat' dir='ltr'>interdum</span> <span class='ocrx_word' id='word_1_143' title='bbox 728 1364 888 1401; x_wconf 85' lang='lat' dir='ltr'>dimidio</span> <span class='ocrx_word' id='word_1_144' title='bbox 914 1363 1091 1410; x_wconf 82' lang='lat' dir='ltr'>minores,</span> <span class='ocrx_word' id='word_1_145' title='bbox 1118 1363 1244 1410; x_wconf 79' lang='lat' dir='ltr'>stylus</span> <span class='ocrx_word' id='word_1_146' title='bbox 1266 1367 1307 1399; x_wconf 84' lang='lat' dir='ltr'>ut</span> <span class='ocrx_word' id='word_1_147' title='bbox 1332 1363 1368 1398; x_wconf 88' lang='lat' dir='ltr'>in</span> <span class='ocrx_word' id='word_1_148' title='bbox 1393 1362 1543 1400; x_wconf 80' lang='lat' dir='ltr'>cacteris</span> <span class='ocrx_word' id='word_1_149' title='bbox 1562 1361 1804 1410; x_wconf 83' lang='lat' dir='ltr'>longitudine</span> 
     </span>
     <span class='ocr_line' id='line_1_20' title="bbox 125 1420 1802 1472; baseline -0.002 -13"><span class='ocrx_word' id='word_1_150' title='bbox 125 1422 262 1460; x_wconf 86' lang='lat' dir='ltr'>variat.</span> <span class='ocrx_word' id='word_1_151' title='bbox 289 1422 412 1460; x_wconf 78' lang='lat' dir='ltr'>Valde</span> <span class='ocrx_word' id='word_1_152' title='bbox 433 1422 559 1467; x_wconf 85' lang='lat' dir='ltr'>affinis</span> <span class='ocrx_word' id='word_1_153' title='bbox 583 1423 820 1472; x_wconf 79' lang='lat' dir='ltr'>praecedenti</span> <span class='ocrx_word' id='word_1_154' title='bbox 845 1435 867 1460; x_wconf 91' lang='lat' dir='ltr'>a</span> <span class='ocrx_word' id='word_1_155' title='bbox 889 1423 965 1472; x_wconf 78' lang='lat' dir='ltr'>qua</span> <span class='ocrx_word' id='word_1_156' title='bbox 982 1422 1142 1460; x_wconf 83' lang='lat' dir='ltr'>siliculae</span> <span class='ocrx_word' id='word_1_157' title='bbox 1165 1421 1287 1459; x_wconf 68' lang='lat' dir='ltr'>forma</span> <span class='ocrx_word' id='word_1_158' title='bbox 1304 1421 1433 1459; x_wconf 85' lang='lat' dir='ltr'>forsan</span> <span class='ocrx_word' id='word_1_159' title='bbox 1457 1433 1532 1458; x_wconf 92' lang='lat' dir='ltr'>non</span> <span class='ocrx_word' id='word_1_160' title='bbox 1550 1421 1643 1458; x_wconf 84' lang='lat' dir='ltr'>satis</span> <span class='ocrx_word' id='word_1_161' title='bbox 1662 1420 1802 1457; x_wconf 79' lang='lat' dir='ltr'>differt.</span> 
     </span>
    </p>
   </div>
   <div class='ocr_carea' id='block_1_8' title="bbox 127 1481 1800 1601">
    <p class='ocr_par' dir='ltr' id='par_1_9' title="bbox 127 1481 1800 1601">
     <span class='ocr_line' id='line_1_21' title="bbox 184 1481 1800 1541; baseline -0.003 -14"><span class='ocrx_word' id='word_1_162' title='bbox 184 1487 229 1541; x_wconf 83' lang='grc' dir='ltr'>β.</span> <span class='ocrx_word' id='word_1_163' title='bbox 259 1486 423 1528; x_wconf 70' lang='lat' dir='ltr'>stricta.</span> <span class='ocrx_word' id='word_1_164' title='bbox 455 1485 636 1529; x_wconf 81' lang='lat' dir='ltr'>Siliculae</span> <span class='ocrx_word' id='word_1_165' title='bbox 664 1485 706 1528; x_wconf 93' lang='lat' dir='ltr'>in</span> <span class='ocrx_word' id='word_1_166' title='bbox 734 1486 939 1541; x_wconf 85' lang='lat' dir='ltr'>pedicello</span> <span class='ocrx_word' id='word_1_167' title='bbox 966 1484 1111 1528; x_wconf 69' lang='lat' dir='ltr'>stricto</span> <span class='ocrx_word' id='word_1_168' title='bbox 1139 1484 1319 1527; x_wconf 78' lang='lat' dir='ltr'>breviter</span> <span class='ocrx_word' id='word_1_169' title='bbox 1347 1490 1478 1529; x_wconf 78' lang='lat' dir='ltr'>ovatae</span> <span class='ocrx_word' id='word_1_170' title='bbox 1506 1482 1569 1524; x_wconf 80' lang='lat' dir='ltr'>vix</span> <span class='ocrx_word' id='word_1_171' title='bbox 1588 1482 1708 1537; x_wconf 59' lang='grc' dir='ltr'>Ο21βὲ</span> <span class='ocrx_word' id='word_1_172' title='bbox 1727 1481 1800 1523; x_wconf 89' lang='lat' dir='ltr'>lin.</span> 
     </span>
     <span class='ocr_line' id='line_1_22' title="bbox 127 1542 1325 1601; baseline -0.003 -14"><span class='ocrx_word' id='word_1_173' title='bbox 127 1545 282 1600; x_wconf 75' lang='lat' dir='ltr'>longae.</span> <span class='ocrx_word' id='word_1_174' title='bbox 312 1543 363 1586; x_wconf 89' lang='lat' dir='ltr'>B.</span> <span class='ocrx_word' id='word_1_175' title='bbox 395 1545 542 1587; x_wconf 74' lang='lat' dir='ltr'>stricta</span> <span class='ocrx_word' id='word_1_176' title='bbox 569 1544 701 1587; x_wconf 85' lang='lat' dir='ltr'>Boiss.</span> <span class='ocrx_word' id='word_1_177' title='bbox 732 1544 881 1601; x_wconf 82' lang='lat' dir='ltr'>Diagn.</span> <span class='ocrx_word' id='word_1_178' title='bbox 913 1544 1002 1586; x_wconf 75' lang='lat' dir='ltr'>Ser.</span> <span class='ocrx_word' id='word_1_179' title='bbox 1037 1543 1090 1596; x_wconf 85' lang='lat' dir='ltr'>ll,</span> <span class='ocrx_word' id='word_1_180' title='bbox 1121 1543 1154 1597; x_wconf 87' lang='grc' dir='ltr'>Ι,</span> <span class='ocrx_word' id='word_1_181' title='bbox 1182 1557 1223 1599; x_wconf 81' lang='lat' dir='ltr'>p.</span> <span class='ocrx_word' id='word_1_182' title='bbox 1255 1542 1325 1584; x_wconf 82' lang='lat'>35.</span> 
     </span>
    </p>
   </div>
   <div class='ocr_carea' id='block_1_9' title="bbox 187 1611 1522 1664">
    <p class='ocr_par' dir='ltr' id='par_1_10' title="bbox 187 1611 1522 1664">
     <span class='ocr_line' id='line_1_23' title="bbox 187 1611 1522 1664; baseline -0.001 -12"><span class='ocrx_word' id='word_1_183' title='bbox 187 1615 288 1653; x_wconf 86' lang='lat' dir='ltr'>Hab.</span> <span class='ocrx_word' id='word_1_184' title='bbox 315 1616 363 1653; x_wconf 84' lang='lat' dir='ltr'>ad</span> <span class='ocrx_word' id='word_1_185' title='bbox 387 1616 540 1654; x_wconf 82' lang='lat' dir='ltr'>radices</span> <span class='ocrx_word' id='word_1_186' title='bbox 565 1614 723 1664; x_wconf 87' lang='lat' dir='ltr'>Olympi</span> <span class='ocrx_word' id='word_1_187' title='bbox 750 1615 932 1654; x_wconf 84' lang='lat' dir='ltr'>Thessali</span> <span class='ocrx_word' id='word_1_188' title='bbox 959 1626 1082 1663; x_wconf 83' lang='lat' dir='ltr'>prope</span> <span class='ocrx_word' id='word_1_189' title='bbox 1107 1613 1299 1651; x_wconf 85' lang='lat' dir='ltr'>Katarina</span> <span class='ocrx_word' id='word_1_190' title='bbox 1323 1611 1522 1663; x_wconf 73' lang='lat' dir='ltr'>(Heldrl).</span> 
     </span>
    </p>
   </div>
   <div class='ocr_carea' id='block_1_10' title="bbox 574 1799 1365 1953">
    <p class='ocr_par' dir='ltr' id='par_1_11' title="bbox 574 1799 1365 1953">
     <span class='ocr_line' id='line_1_24' title="bbox 789 1799 1158 1848; baseline -0.005 0"><span class='ocrx_word' id='word_1_191' title='bbox 789 1799 1158 1848; x_wconf 79' lang='lat' dir='ltr'>SGfllVERECKlA</span> 
     </span>
     <span class='ocr_line' id='line_1_25' title="bbox 574 1889 1365 1953; baseline -0.004 -15"><span class='ocrx_word' id='word_1_192' title='bbox 574 1891 712 1953; x_wconf 81' lang='lat' dir='ltr'>(Andr.</span> <span class='ocrx_word' id='word_1_193' title='bbox 752 1892 791 1938; x_wconf 89' lang='lat' dir='ltr'>in</span> <span class='ocrx_word' id='word_1_194' title='bbox 828 1890 896 1937; x_wconf 80' lang='lat' dir='ltr'>Dc.</span> <span class='ocrx_word' id='word_1_195' title='bbox 934 1889 1039 1950; x_wconf 77' lang='lat' dir='ltr'>Syst.</span> <span class='ocrx_word' id='word_1_196' title='bbox 1077 1889 1136 1946; x_wconf 89' lang='lat' dir='ltr'>ll,</span> <span class='ocrx_word' id='word_1_197' title='bbox 1174 1904 1211 1950; x_wconf 81' lang='lat' dir='ltr'>p.</span> <span class='ocrx_word' id='word_1_198' title='bbox 1248 1889 1365 1947; x_wconf 78' lang='lat'>300).</span> 
     </span>
    </p>
   </div>
   <div class='ocr_carea' id='block_1_11' title="bbox 132 2034 1812 2268">
    <p class='ocr_par' dir='ltr' id='par_1_12' title="bbox 132 2034 1812 2268">
     <span class='ocr_line' id='line_1_26' title="bbox 190 2034 1810 2093; baseline -0.002 -15"><span class='ocrx_word' id='word_1_199' title='bbox 190 2035 311 2093; x_wconf 79' lang='lat' dir='ltr'>Calyx</span> <span class='ocrx_word' id='word_1_200' title='bbox 340 2035 530 2092; x_wconf 71' lang='lat' dir='ltr'>aequalis.</span> <span class='ocrx_word' id='word_1_201' title='bbox 563 2035 703 2078; x_wconf 81' lang='lat' dir='ltr'>Petala</span> <span class='ocrx_word' id='word_1_202' title='bbox 731 2035 911 2091; x_wconf 71' lang='lat' dir='ltr'>integra.</span> <span class='ocrx_word' id='word_1_203' title='bbox 949 2034 1135 2078; x_wconf 73' lang='lat' dir='ltr'>Stamina</span> <span class='ocrx_word' id='word_1_204' title='bbox 1162 2034 1323 2090; x_wconf 83' lang='lat' dir='ltr'>majora</span> <span class='ocrx_word' id='word_1_205' title='bbox 1350 2035 1457 2075; x_wconf 78' lang='lat' dir='ltr'>alala</span> <span class='ocrx_word' id='word_1_206' title='bbox 1484 2035 1546 2076; x_wconf 65' lang='lat' dir='ltr'>ala</span> <span class='ocrx_word' id='word_1_207' title='bbox 1575 2034 1615 2076; x_wconf 91' lang='lat' dir='ltr'>in</span> <span class='ocrx_word' id='word_1_208' title='bbox 1644 2035 1810 2076; x_wconf 72' lang='lat' dir='ltr'>dentem</span> 
     </span>
     <span class='ocr_line' id='line_1_27' title="bbox 134 2091 1808 2137; baseline -0.002 -1"><span class='ocrx_word' id='word_1_209' title='bbox 134 2095 349 2137; x_wconf 74' lang='lat' dir='ltr'>lateralem</span> <span class='ocrx_word' id='word_1_210' title='bbox 377 2094 564 2137; x_wconf 74' lang='lat' dir='ltr'>abeunti.</span> <span class='ocrx_word' id='word_1_211' title='bbox 594 2093 763 2137; x_wconf 85' lang='lat' dir='ltr'>Silicula</span> <span class='ocrx_word' id='word_1_212' title='bbox 790 2101 910 2137; x_wconf 84' lang='lat' dir='ltr'>ovala</span> <span class='ocrx_word' id='word_1_213' title='bbox 937 2093 1063 2136; x_wconf 83' lang='lat' dir='ltr'>valvis</span> <span class='ocrx_word' id='word_1_214' title='bbox 1091 2092 1283 2136; x_wconf 84' lang='lat' dir='ltr'>convexis</span> <span class='ocrx_word' id='word_1_215' title='bbox 1316 2091 1462 2134; x_wconf 85' lang='lat' dir='ltr'>loculis</span> <span class='ocrx_word' id='word_1_216' title='bbox 1489 2091 1589 2135; x_wconf 69' lang='lat'>8-10</span> <span class='ocrx_word' id='word_1_217' title='bbox 1617 2092 1808 2135; x_wconf 76' lang='lat' dir='ltr'>ovillalis.</span> 
     </span>
     <span class='ocr_line' id='line_1_28' title="bbox 132 2150 1812 2208; baseline -0.002 -13"><span class='ocrx_word' id='word_1_218' title='bbox 132 2151 301 2196; x_wconf 87' lang='lat' dir='ltr'>Semina</span> <span class='ocrx_word' id='word_1_219' title='bbox 340 2152 539 2195; x_wconf 84' lang='lat' dir='ltr'>biseriata</span> <span class='ocrx_word' id='word_1_220' title='bbox 580 2153 877 2208; x_wconf 81' lang='lat' dir='ltr'>immarginata</span> <span class='ocrx_word' id='word_1_221' title='bbox 913 2178 969 2182; x_wconf 90' lang='lat'>—</span> <span class='ocrx_word' id='word_1_222' title='bbox 1011 2151 1151 2193; x_wconf 83' lang='lat' dir='ltr'>Herba</span> <span class='ocrx_word' id='word_1_223' title='bbox 1193 2150 1391 2207; x_wconf 86' lang='lat' dir='ltr'>perennis</span> <span class='ocrx_word' id='word_1_224' title='bbox 1434 2150 1625 2193; x_wconf 81' lang='lat' dir='ltr'>alhissora</span> <span class='ocrx_word' id='word_1_225' title='bbox 1667 2150 1812 2192; x_wconf 70' lang='lat' dir='ltr'>habitu</span> 
     </span>
     <span class='ocr_line' id='line_1_29' title="bbox 135 2208 1527 2268; baseline -0.003 -14"><span class='ocrx_word' id='word_1_226' title='bbox 135 2210 289 2254; x_wconf 78' lang='lat' dir='ltr'>Draboe</span> <span class='ocrx_word' id='word_1_227' title='bbox 316 2210 424 2254; x_wconf 81' lang='lat' dir='ltr'>Sect.</span> <span class='ocrx_word' id='word_1_228' title='bbox 455 2212 730 2254; x_wconf 72' lang='lat' dir='ltr'>Leucodraboe</span> <span class='ocrx_word' id='word_1_229' title='bbox 756 2226 779 2254; x_wconf 89' lang='lat' dir='ltr'>a</span> <span class='ocrx_word' id='word_1_230' title='bbox 806 2214 888 2268; x_wconf 74' lang='lat' dir='ltr'>qua</span> <span class='ocrx_word' id='word_1_231' title='bbox 915 2209 1139 2253; x_wconf 80' lang='lat' dir='ltr'>filamentis</span> <span class='ocrx_word' id='word_1_232' title='bbox 1167 2208 1346 2251; x_wconf 79' lang='lat' dir='ltr'>dentatis</span> <span class='ocrx_word' id='word_1_233' title='bbox 1374 2208 1527 2251; x_wconf 78' lang='lat' dir='ltr'>differt.</span> 
     </span>
    </p>
   </div>
   <div class='ocr_carea' id='block_1_12' title="bbox 137 2362 1817 2720">
    <p class='ocr_par' dir='ltr' id='par_1_13' title="bbox 137 2362 1817 2658">
     <span class='ocr_line' id='line_1_30' title="bbox 193 2362 1815 2423; baseline -0.008 -9"><span class='ocrx_word' id='word_1_234' title='bbox 193 2369 244 2412; x_wconf 89' lang='lat' dir='ltr'>S.</span> <span class='ocrx_word' id='word_1_235' title='bbox 272 2368 547 2413; x_wconf 84' lang='lat' dir='ltr'>Podolica</span> <span class='ocrx_word' id='word_1_236' title='bbox 584 2368 765 2423; x_wconf 82' lang='lat' dir='ltr'>(Besser.</span> <span class='ocrx_word' id='word_1_237' title='bbox 809 2366 893 2409; x_wconf 85' lang='lat' dir='ltr'>Cat.</span> <span class='ocrx_word' id='word_1_238' title='bbox 926 2365 1068 2407; x_wconf 83' lang='lat' dir='ltr'>Krcm.</span> <span class='ocrx_word' id='word_1_239' title='bbox 1104 2363 1231 2417; x_wconf 71' lang='lat'><strong>1816,</strong></span> <span class='ocrx_word' id='word_1_240' title='bbox 1260 2378 1299 2420; x_wconf 89' lang='lat' dir='ltr'>p.</span> <span class='ocrx_word' id='word_1_241' title='bbox 1332 2362 1357 2405; x_wconf 83' lang='lat'><em>8</em></span> <span class='ocrx_word' id='word_1_242' title='bbox 1383 2362 1460 2404; x_wconf 85' lang='lat' dir='ltr'>sul)</span> <span class='ocrx_word' id='word_1_243' title='bbox 1496 2362 1682 2419; x_wconf 52' lang='lat' dir='ltr'>Atussa),</span> <span class='ocrx_word' id='word_1_244' title='bbox 1726 2374 1815 2402; x_wconf 78' lang='lat' dir='ltr'>ces-</span> 
     </span>
     <span class='ocr_line' id='line_1_31' title="bbox 137 2418 1816 2484; baseline -0.007 -14"><span class='ocrx_word' id='word_1_245' title='bbox 137 2426 273 2484; x_wconf 80' lang='lat' dir='ltr'>pitosa</span> <span class='ocrx_word' id='word_1_246' title='bbox 299 2427 395 2484; x_wconf 91' lang='lat' dir='ltr'>pilis</span> <span class='ocrx_word' id='word_1_247' title='bbox 433 2426 696 2483; x_wconf 89' lang='lat' dir='ltr'>simplicibus</span> <span class='ocrx_word' id='word_1_248' title='bbox 733 2432 773 2468; x_wconf 79' lang='lat' dir='ltr'>et</span> <span class='ocrx_word' id='word_1_249' title='bbox 810 2423 983 2467; x_wconf 76' lang='lat' dir='ltr'>furcatis</span> <span class='ocrx_word' id='word_1_250' title='bbox 1010 2423 1148 2476; x_wconf 82' lang='lat' dir='ltr'>hirta,</span> <span class='ocrx_word' id='word_1_251' title='bbox 1187 2421 1296 2464; x_wconf 85' lang='lat' dir='ltr'>soliis</span> <span class='ocrx_word' id='word_1_252' title='bbox 1330 2420 1584 2463; x_wconf 80' lang='lat' dir='ltr'>radicalibus</span> <span class='ocrx_word' id='word_1_253' title='bbox 1621 2418 1816 2462; x_wconf 80' lang='lat' dir='ltr'>rosulalis</span> 
     </span>
     <span class='ocr_line' id='line_1_32' title="bbox 139 2477 1817 2538; baseline -0.007 -10"><span class='ocrx_word' id='word_1_254' title='bbox 139 2485 268 2528; x_wconf 78' lang='lat' dir='ltr'>ovalis</span> <span class='ocrx_word' id='word_1_255' title='bbox 296 2485 559 2528; x_wconf 81' lang='lat' dir='ltr'>subdentatis</span> <span class='ocrx_word' id='word_1_256' title='bbox 587 2484 764 2528; x_wconf 87' lang='lat' dir='ltr'>caulinis</span> <span class='ocrx_word' id='word_1_257' title='bbox 791 2481 1232 2538; x_wconf 81' lang='lat' dir='ltr'>oblongo-linearibus</span> <span class='ocrx_word' id='word_1_258' title='bbox 1260 2478 1532 2534; x_wconf 73' lang='lat' dir='ltr'>subintcgris‚</span> <span class='ocrx_word' id='word_1_259' title='bbox 1561 2477 1734 2521; x_wconf 89' lang='lat' dir='ltr'>siliculis</span> <span class='ocrx_word' id='word_1_260' title='bbox 1753 2490 1817 2518; x_wconf 84' lang='lat' dir='ltr'>ve-</span> 
     </span>
     <span class='ocr_line' id='line_1_33' title="bbox 139 2534 1815 2601; baseline -0.005 -16"><span class='ocrx_word' id='word_1_261' title='bbox 139 2543 284 2586; x_wconf 82' lang='lat' dir='ltr'>lutinis</span> <span class='ocrx_word' id='word_1_262' title='bbox 312 2544 414 2601; x_wconf 86' lang='lat' dir='ltr'>stylo</span> <span class='ocrx_word' id='word_1_263' title='bbox 452 2543 512 2586; x_wconf 91' lang='lat' dir='ltr'>eis</span> <span class='ocrx_word' id='word_1_264' title='bbox 548 2543 674 2600; x_wconf 80' lang='lat' dir='ltr'>triplo</span> <span class='ocrx_word' id='word_1_265' title='bbox 711 2540 896 2584; x_wconf 85' lang='lat' dir='ltr'>breviori</span> <span class='ocrx_word' id='word_1_266' title='bbox 933 2539 1168 2596; x_wconf 85' lang='lat' dir='ltr'>apiculatis.</span> <span class='ocrx_word' id='word_1_267' title='bbox 1208 2538 1254 2581; x_wconf 88' lang='lat' dir='ltr'>S.</span> <span class='ocrx_word' id='word_1_268' title='bbox 1285 2538 1485 2580; x_wconf 74' lang='lat' dir='ltr'>Podolz&#39;ca</span> <span class='ocrx_word' id='word_1_269' title='bbox 1518 2549 1584 2579; x_wconf 84' lang='lat' dir='ltr'>Dc.</span> <span class='ocrx_word' id='word_1_270' title='bbox 1621 2536 1724 2593; x_wconf 78' lang='lat' dir='ltr'>Syst.</span> <span class='ocrx_word' id='word_1_271' title='bbox 1763 2534 1815 2586; x_wconf 84' lang='grc' dir='ltr'>ΙΙ,</span> 
     </span>
     <span class='ocr_line' id='line_1_34' title="bbox 141 2598 894 2658; baseline -0.005 -12"><span class='ocrx_word' id='word_1_272' title='bbox 141 2615 182 2658; x_wconf 92' lang='lat' dir='ltr'>p.</span> <span class='ocrx_word' id='word_1_273' title='bbox 214 2601 312 2646; x_wconf 79' lang='lat'>300.</span> <span class='ocrx_word' id='word_1_274' title='bbox 343 2602 500 2645; x_wconf 88' lang='lat' dir='ltr'>Deless.</span> <span class='ocrx_word' id='word_1_275' title='bbox 534 2601 589 2644; x_wconf 89' lang='lat' dir='ltr'>Ic.</span> <span class='ocrx_word' id='word_1_276' title='bbox 624 2601 677 2655; x_wconf 89' lang='lat' dir='ltr'>ll,</span> <span class='ocrx_word' id='word_1_277' title='bbox 708 2600 791 2643; x_wconf 78' lang='lat' dir='ltr'>[ab.</span> <span class='ocrx_word' id='word_1_278' title='bbox 823 2598 894 2642; x_wconf 76' lang='lat'>36.</span> 
     </span>
    </p>

    <p class='ocr_par' dir='ltr' id='par_1_14' title="bbox 201 2659 1265 2720">
     <span class='ocr_line' id='line_1_35' title="bbox 201 2659 1265 2720; baseline -0.007 -10"><span class='ocrx_word' id='word_1_279' title='bbox 201 2673 299 2711; x_wconf 88' lang='lat' dir='ltr'>Hab.</span> <span class='ocrx_word' id='word_1_280' title='bbox 327 2673 364 2710; x_wconf 91' lang='lat' dir='ltr'>in</span> <span class='ocrx_word' id='word_1_281' title='bbox 386 2677 515 2711; x_wconf 90' lang='lat' dir='ltr'>monte</span> <span class='ocrx_word' id='word_1_282' title='bbox 540 2671 753 2720; x_wconf 84' lang='lat' dir='ltr'>Ilgasdagh</span> <span class='ocrx_word' id='word_1_283' title='bbox 776 2670 971 2708; x_wconf 88' lang='lat' dir='ltr'>Anatoliae</span> <span class='ocrx_word' id='word_1_284' title='bbox 996 2668 1190 2718; x_wconf 90' lang='lat' dir='ltr'>(Wiedem</span> <span class='ocrx_word' id='word_1_285' title='bbox 1208 2659 1216 2703; x_wconf 78' lang='lat' dir='ltr'>l</span> <span class='ocrx_word' id='word_1_286' title='bbox 1236 2666 1265 2716; x_wconf 85' lang='lat'>).</span> 
     </span>
    </p>
   </div>
   <div class='ocr_carea' id='block_1_13' title="bbox 146 2729 1819 2846">
    <p class='ocr_par' dir='ltr' id='par_1_15' title="bbox 146 2729 1819 2846">
     <span class='ocr_line' id='line_1_36' title="bbox 204 2729 1819 2787; baseline -0.007 -11"><span class='ocrx_word' id='word_1_287' title='bbox 204 2739 346 2776; x_wconf 84' lang='lat' dir='ltr'>Similis</span> <span class='ocrx_word' id='word_1_288' title='bbox 372 2740 513 2787; x_wconf 86' lang='lat' dir='ltr'>plantae</span> <span class='ocrx_word' id='word_1_289' title='bbox 547 2738 724 2777; x_wconf 88' lang='lat' dir='ltr'>Uralensi</span> <span class='ocrx_word' id='word_1_290' title='bbox 748 2742 786 2775; x_wconf 83' lang='lat' dir='ltr'>et</span> <span class='ocrx_word' id='word_1_291' title='bbox 822 2735 1030 2774; x_wconf 83' lang='lat' dir='ltr'>Podolicae.</span> <span class='ocrx_word' id='word_1_292' title='bbox 1059 2734 1132 2771; x_wconf 81' lang='lat' dir='ltr'>Ala</span> <span class='ocrx_word' id='word_1_293' title='bbox 1156 2734 1437 2770; x_wconf 87' lang='lat' dir='ltr'>filamentorum</span> <span class='ocrx_word' id='word_1_294' title='bbox 1462 2730 1583 2767; x_wconf 84' lang='lat' dir='ltr'>variat</span> <span class='ocrx_word' id='word_1_295' title='bbox 1613 2730 1726 2767; x_wconf 82' lang='lat' dir='ltr'>dente</span> <span class='ocrx_word' id='word_1_296' title='bbox 1750 2729 1819 2765; x_wconf 85' lang='lat' dir='ltr'>sub</span> 
     </span>
     <span class='ocr_line' id='line_1_37' title="bbox 146 2797 744 2846; baseline 0 -12"><span class='ocrx_word' id='word_1_297' title='bbox 146 2798 258 2846; x_wconf 82' lang='lat' dir='ltr'>apice</span> <span class='ocrx_word' id='word_1_298' title='bbox 282 2799 342 2835; x_wconf 89' lang='lat' dir='ltr'>vel</span> <span class='ocrx_word' id='word_1_299' title='bbox 366 2810 490 2846; x_wconf 89' lang='lat' dir='ltr'>prope</span> <span class='ocrx_word' id='word_1_300' title='bbox 515 2798 624 2836; x_wconf 88' lang='lat' dir='ltr'>basin</span> <span class='ocrx_word' id='word_1_301' title='bbox 653 2797 744 2834; x_wconf 81' lang='lat' dir='ltr'>sito.</span> 
     </span>
    </p>
   </div>
   <div class='ocr_carea' id='block_1_14' title="bbox 204 2858 1334 2915">
    <p class='ocr_par' dir='ltr' id='par_1_16' title="bbox 204 2858 1334 2915">
     <span class='ocr_line' id='line_1_38' title="bbox 204 2858 1334 2915; baseline -0.008 -12"><span class='ocrx_word' id='word_1_302' title='bbox 204 2864 278 2904; x_wconf 83' lang='lat' dir='ltr'>Ar.</span> <span class='ocrx_word' id='word_1_303' title='bbox 312 2863 474 2915; x_wconf 77' lang='lat' dir='ltr'>Geogr.</span> <span class='ocrx_word' id='word_1_304' title='bbox 509 2866 686 2914; x_wconf 83' lang='lat' dir='ltr'>Podolia‚</span> <span class='ocrx_word' id='word_1_305' title='bbox 712 2863 933 2913; x_wconf 75' lang='lat' dir='ltr'>Wolhynia‚</span> <span class='ocrx_word' id='word_1_306' title='bbox 959 2861 1102 2899; x_wconf 85' lang='lat' dir='ltr'>Sibiria</span> <span class='ocrx_word' id='word_1_307' title='bbox 1122 2858 1334 2897; x_wconf 87' lang='lat' dir='ltr'>Uralensis.</span> 
     </span>
    </p>
   </div>
  </div>
 </body>
</html>
