2021 3235
996 89 1082 135 374

245 265 302 307 Ρ.
332 265 818 321 lamprocarpum
861 268 1025 323 (Bunge
1065 269 1121 325 pl.
1154 269 1299 311 Lehm.
1331 283 1372 325 p.
1405 268 1507 323 2116,
1546 271 1627 313 [ab.
1669 269 1731 327 7),
1769 272 1878 315 soliis

187 322 364 365 caulinis
406 321 773 377 lineari-hastatis,
819 324 983 369 silicula
1024 327 1230 383 pediccllo
1272 327 1434 370 deflexo
1461 328 1645 372 breviori
1673 329 1876 386 oblongo-

186 380 365 437 clliptica
393 380 483 422 basi
512 382 737 425 rotundata
764 384 813 426 ad
843 384 1006 427 discum
1034 384 1310 441 glaberrima,
1331 386 1524 442 margine
1542 388 1682 431 loculo
1701 389 1876 432 centrali

188 440 320 481 multo
348 439 595 495 angustiore
627 447 692 492 G).

245 509 344 547 Hab.
375 509 411 545 in
448 511 636 548 montosis
669 511 812 549 Persiae
847 513 1205 550 austro-orientalis
1248 513 1350 550 inter
1389 512 1594 553 Khabbise
1634 520 1671 554 et
1704 516 1877 555 Kerman

187 568 412 618 (Bungffl),
440 569 477 605 in
503 570 680 607 arenosis
715 570 990 610 Turkestaniae
1027 573 1075 609 ad
1113 572 1270 610 fluvium
1306 572 1496 622 Jandarja
1532 574 1750 627 (Lehml),
1777 576 1877 614 inter

186 627 416 665 Taschkent
440 633 478 665 et
502 628 743 668 Akmeschid
764 629 968 680 (Stoddart
984 628 1015 684 ).

246 695 407 734 Silicula
430 697 495 734 vix
519 695 547 735 2
571 698 695 735 lineas
719 698 851 747 longa.
871 698 1004 737 Simile
1028 700 1070 737 Ρ.
1098 700 1320 738 multieauli
1343 700 1437 737 Kar.
1463 705 1501 739 et
1524 701 1608 739 Kir,
1627 702 1730 750 quod
1749 702 1877 741 differt

187 755 339 793 silio-ula
356 756 441 794 basi
460 757 592 795 retusa
619 760 658 796 et
681 757 790 796 disco
814 758 1056 806 pubescenti.

242 915 298 956 P.
326 915 604 970 brevipes
646 915 809 972 (Bunge
852 917 930 959 loc.
976 917 1045 959 cit.
1077 918 1162 960 tab.
1194 916 1217 958 7
1246 918 1296 974 A)
1337 918 1446 961 foliis
1473 919 1652 963 caulinis
1681 921 1875 977 oblongis

184 971 346 1015 obtusis
387 973 476 1015 basi
520 974 1218 1031 cordato-semiamplexicaulibus,
1263 976 1428 1019 silicula
1471 977 1675 1034 perlicello
1701 980 1875 1024 tandem

184 1031 345 1073 deflexo
382 1031 563 1087 longiori
592 1033 921 1089 ovato-oblonga
950 1033 1038 1076 basi
1070 1035 1295 1077 rotundat&
1324 1035 1375 1077 ad
1403 1035 1567 1079 discum
1595 1037 1874 1093 glaberrima‚

185 1089 379 1145 margine
408 1090 545 1132 loculo
573 1091 809 1147 angustiori
837 1093 948 1135 ultra
976 1106 1073 1134 cum
1101 1093 1221 1150 apice
1247 1094 1456 1149 producto
1483 1101 1681 1139 truncato
1714 1102 1778 1148 Θ.

244 1161 345 1199 Hah.
369 1161 407 1198 in
433 1162 623 1210 lapidosis
648 1163 697 1200 ad
722 1163 881 1201 fluvium
905 1163 1143 1201 Sarafschan
1166 1164 1441 1202 Turkestaniae
1465 1162 1603 1220 (Lehm
1626 1165 1670 1217 l).

245 1229 277 1266 A
304 1230 537 1277 praecedenti
563 1231 717 1269 silicula
741 1232 913 1269 breviter
938 1231 1174 1279 pedicellata
1204 1232 1317 1280 apice
1352 1234 1454 1271 ultra
1485 1235 1654 1273 loculum
1678 1236 1874 1284 angustio-

186 1301 267 1326 rcm
292 1289 327 1325 in
353 1290 609 1336 appendicem
633 1293 850 1328 truncatam
878 1291 1071 1338 producta
1094 1292 1330 1330 distinctum.

243 1353 287 1406 β.
317 1351 505 1394 Persica.
537 1350 707 1395 Silicula
734 1352 1233 1409 oblongo-subquadrata
1260 1367 1443 1410 superne
1471 1369 1557 1399 non
1584 1357 1722 1400 latior.

244 1422 344 1460 Hab.
370 1422 408 1459 in
435 1422 572 1459 Persia
594 1422 879 1460 bon-orientali
906 1423 955 1460 ad
974 1422 1177 1461 Schahrud
1201 1424 1404 1473 (Bungel).

242 1582 299 1625 P.
325 1582 793 1625 heterotrichum
823 1582 984 1638 (Bunge
1016 1582 1057 1624 in
1079 1583 1177 1636 litt.)
1206 1582 1315 1625 foliis
1343 1583 1537 1639 oblongis
1569 1583 1657 1626 basi
1689 1584 1878 1626 cordato-

183 1639 685 1696 scrniamplexicaiilibiffi‚
702 1639 864 1682 silicula
884 1640 1089 1696 pcdicello
1108 1641 1277 1683 tandem
1295 1642 1457 1684 dcssexo
1476 1641 1657 1697 longiori
1676 1642 1877 1697 oblongo-

183 1698 472 1755 subquadrata
500 1698 589 1741 basi
619 1699 843 1741 rotundata
872 1699 922 1741 ad
952 1699 1113 1742 discum
1135 1699 1494 1757 papilloso-hirta,
1514 1699 1780 1756 marginibus
1798 1701 1875 1743 sub

182 1757 293 1799 lente
330 1757 550 1813 puberulis
583 1757 721 1800 loculo
749 1758 1069 1813 angustioribus
1097 1760 1207 1801 ultra
1236 1772 1333 1801 eum
1362 1759 1481 1815 apice
1509 1759 1725 1816 productis
1752 1765 1874 1802 trun-

183 1815 286 1858 catis
318 1821 383 1867 O.

242 1888 341 1925 Hab.
367 1886 417 1924 ad
442 1886 642 1925 Schahrud
671 1887 819 1925 Persiae
841 1888 1152 1926 boin-orientalis
1177 1887 1331 1938 (Bunge
1348 1882 1391 1938 ἱ).

239 1953 364 1991 Valde
388 1954 503 1991 affine
526 1966 606 1992 var.
631 1951 674 2005 β
697 1954 955 2003 praecedentis
978 1967 1001 1991 a
1027 1956 1104 2003 qua
1128 1955 1352 1994 indumento
1378 1959 1528 1994 tantum
1550 1956 1691 1994 differt.

485 2124 775 2172 SAMERARIA
812 2123 941 2184 (Desv.
977 2123 1118 2172 Journ.
1156 2124 1242 2172 Bot.
1281 2124 1352 2180 ΙΙΙ,
1386 2139 1423 2186 p.
1458 2122 1574 2185 161).

236 2269 361 2326 Calyx
396 2276 544 2325 patens
580 2268 668 2311 basi
708 2268 898 2325 aequalis.
938 2268 1078 2312 Petala
1105 2270 1550 2326 oblongo-spathulata
1576 2270 1864 2327 unguiculata.

177 2326 364 2370 Stamina
400 2327 534 2370 libera
570 2327 782 2370 edentula.
823 2327 993 2370 Silicula
1029 2328 1298 2372 indehiscens
1334 2328 1529 2372 coriacea
1555 2329 1619 2372 vel
1645 2329 1868 2372 chartacea

176 2399 398 2443 nunquam
416 2386 612 2441 fungosa,
628 2385 717 2428 basi
738 2386 928 2439 cordata,
942 2386 1007 2429 ala
1024 2386 1249 2443 marginali
1267 2388 1351 2430 lata
1367 2387 1692 2431 membranacea
1711 2387 1866 2440 cincta,

175 2444 313 2487 loculo
332 2444 526 2487 coriaceo
546 2445 607 2487 vel
631 2443 960 2487 membranaceo
980 2445 1107 2488 dorso
1120 2445 1320 2503 utrinque
1335 2446 1525 2489 carinato
1537 2447 1601 2489 vel
1619 2445 1695 2489 alis
1713 2460 1762 2489 ec
1775 2446 1868 2489 bre-

176 2502 365 2545 vioribus
392 2502 711 2558 angustioribus
739 2502 952 2545 interdum
981 2503 1132 2547 obsito.
1166 2503 1303 2562 Stylus
1331 2504 1557 2548 filifcrmis.
1590 2503 1743 2547 Scmen
1769 2504 1866 2547 uni-

175 2574 270 2603 cum
299 2561 547 2618 pendulum.
590 2560 863 2619 Cotyledones
896 2575 1089 2606 concavae
1126 2562 1422 2606 incumbentes
1449 2589 1507 2594 —
1533 2563 1685 2606 Herbae
1712 2577 1866 2606 annuae

173 2619 333 2674 glabrae
359 2621 519 2675 glaucae
546 2619 656 2662 foliis
674 2619 850 2675 integris
868 2619 1060 2676 oblongis
1078 2620 1256 2664 caulinis
1274 2621 1862 2678 cordato-amplexicaulibus,

175 2677 354 2721 racemis
381 2677 650 2731 ebracteatis,
670 2677 886 2735 pedicellis
903 2678 1131 2721 fructiferis
1149 2679 1338 2733 deflexis,
1359 2679 1538 2723 floribus
1556 2679 1709 2737 pallide
1727 2679 1859 2723 flavis.

173 2760 230 2767 -——
255 2735 397 2779 Genus
423 2736 581 2779 Isatidi
621 2749 893 2792 summopere
929 2735 1056 2779 affine
1093 2737 1145 2779 ab
1188 2740 1236 2780 ea
1263 2739 1401 2782 loculo
1428 2738 1623 2781 coriaceo
1649 2738 1709 2781 vel
1739 2738 1863 2781 char-

173 2799 291 2836 taceo
310 2794 361 2836 ad
379 2795 554 2837 dorsum
573 2795 683 2838 alato
700 2795 764 2837 vel
781 2793 970 2837 carinato
997 2795 1071 2837 sed
1098 2809 1315 2852 nunquam
1343 2797 1539 2853 fungoso,
1569 2796 1733 2839 silicula
1758 2797 1863 2854 stylo

172 2850 360 2894 filiformi
388 2866 466 2895 nec
492 2853 687 2908 stigmate
716 2851 852 2897 sessili
881 2855 1077 2908 superata
1104 2852 1366 2896 distinctum.
1392 2866 1393 2869 ’
