2021 3235
1028 90 1115 134 444

283 198 322 223 α.
355 178 552 235 alpestre.
596 180 712 224 Folia
738 181 1006 238 planiuscula
1032 182 1182 226 subtus
1210 189 1251 225 et
1278 184 1472 240 margine
1498 184 1655 239 cibata,
1683 187 1821 243 petala
1847 201 1916 230 ca·

221 236 310 294 lyce
339 237 549 295 subduplo
577 239 786 295 longiora.
818 240 874 283 H.
895 241 1078 298 alpestre
1106 241 1238 284 Rchb.
1271 242 1299 284 f.
1329 241 1458 286 4536.

284 308 383 346 Hab.
409 309 446 346 in
472 309 587 348 siccis
610 311 781 359 regionis
806 312 959 360 alpinas,
984 312 1155 350 Scardus
1178 312 1217 350 in
1242 313 1473 353 Macedonia
1488 310 1649 366 (Griseb
1667 315 1710 367 !),
1725 314 1916 365 Olympus

223 367 415 416 Bithynus
441 365 574 421 (Boiss
593 372 631 417 !)‚
660 370 858 410 Caucasus
883 371 1138 410 occidentalis
1166 368 1428 427 (O.A.Mey.).

283 433 327 486 β.
367 433 628 496 Thessalum.
672 435 835 478 Formae
869 436 1127 492 praecedenti
1157 435 1293 480 simile
1321 437 1395 480 sed
1424 437 1530 480 rami
1557 438 1753 495 pedicelli
1781 445 1821 482 et
1847 453 1916 481 ca-

224 491 333 548 lyces
360 491 454 547 pilis
484 493 636 548 patulis
664 493 797 551 nigris
824 494 1086 550 glandulosis
1113 494 1254 538 obsiti.

283 562 383 600 Hah.
410 563 446 599 in
470 564 631 612 regione
657 567 847 613 superiori
869 565 1027 615 Olympi
1052 566 1235 604 Thessali
1262 563 1393 619 (Orph
1409 567 1452 617 l).

282 647 323 688 y.
350 627 666 682 penicillatum.
700 629 815 672 Folia
842 630 1035 686 margine
1062 631 1156 687 plus
1175 630 1316 673 minus
1335 632 1558 674 convoluta
1575 631 1728 688 pilosa,
1749 632 1915 690 calyces

224 685 485 742 albo-pilosi.
518 686 572 730 H.
592 689 892 744 pem'cz'llcztum
920 688 1044 732 Thib.
1076 688 1119 732 in
1148 702 1216 733 Dc.
1248 689 1398 732 Prodr.

282 755 382 792 Hah.
408 756 444 791 in
472 756 655 795 Anatolift
680 770 803 807 prope
826 759 960 797 Tokat
996 758 1100 810 (Nos
1116 761 1122 796 !
1139 763 1173 807 ),
1217 759 1403 797 Armenia
1427 759 1547 808 supra
1570 755 1856 799 Gumuchkane
1880 763 1920 799 et

222 814 391 852 Baibout
419 815 568 865 (Bourg
586 814 630 862 l).

281 880 356 920 Ar.
391 881 553 933 Geogr.
591 885 750 933 Europa
775 885 918 923 omnis.

281 1053 345 1095 H.
380 1065 596 1097 canum
640 1054 702 1109 (L.
734 1054 802 1111 sp.
836 1053 919 1097 740
956 1055 1034 1098 sub
1065 1054 1198 1110 Cz'sto)
1243 1054 1353 1098 foliis
1391 1068 1521 1112 supra
1559 1054 1768 1098 viridibus
1806 1056 1916 1112 pube

222 1111 404 1167 simplici
441 1113 533 1168 plus
572 1113 714 1156 minus
750 1113 898 1157 obsitis
935 1113 1084 1157 subtus
1122 1114 1217 1170 pilis
1254 1113 1430 1157 stellatis
1469 1114 1586 1157 canis
1623 1114 1818 1171 oblongis
1854 1115 1916 1157 vel

221 1169 678 1225 oblongo-lanceolatis
715 1173 909 1228 margine
946 1173 1248 1226 subrevolutis,
1293 1172 1471 1216 floribus
1507 1172 1550 1216 in
1589 1186 1732 1216 ramos
1767 1180 1917 1217 tenues

221 1228 435 1322 sianlicles
462 1230 575 1273 laxos
605 1231 848 1274 terminales
876 1231 1089 1288 dispositis
1121 1238 1157 1281 5.
1197 1231 1314 1288 Jacq.
1346 1232 1486 1274 Austr.
1519 1232 1604 1275 tab.
1637 1230 1736 1275 277.
1778 1232 1913 1276 Rchb.

222 1288 250 1331 f.
295 1287 415 1330 4054.

282 1360 381 1397 Hab.
408 1360 441 1396 in
468 1361 581 1397 siccis
601 1361 774 1408 regionis
799 1362 952 1409 alpinae,
995 1361 1185 1410 Olympus
1216 1361 1432 1399 Thessalus
1455 1361 1615 1408 (Heldrl
1644 1359 1811 1415 OrphI),
1838 1362 1917 1400 Ma-

225 1420 390 1457 cedonia
417 1419 627 1469 (Grisebr).
656 1422 840 1469 Bithynia
869 1421 904 1458 in
933 1423 1128 1460 montibus
1151 1422 1200 1459 ad
1226 1422 1309 1459 Boii
1334 1421 1529 1471 (Wiedem
1548 1424 1588 1469 l),
1617 1422 1917 1470 Karamasdagh

223 1478 486 1594 Cappadociae
505 1480 591 1529 (Bal
608 1475 652 1534 l),
673 1482 858 1518 Armenia
883 1481 931 1518 ad
957 1481 1266 1520 Gumuclikhane
1290 1476 1505 1536 (Bourg!)‚
1532 1482 1680 1520 Tauria
1705 1486 1742 1519 et
1768 1481 1918 1520 Cauca-

223 1550 288 1576 sus
338 1539 455 1589 MB.).
482 1539 540 1577 Fl.
565 1545 647 1578 aest.

281 1608 342 1645 An
368 1608 498 1655 potius
523 1610 692 1647 varietas
720 1610 866 1658 speciei
892 1610 1181 1658 praecedentis?

280 1673 356 1715 Ar.
380 1681 539 1726 Geogr.
575 1678 733 1727 Europa
757 1679 883 1716 media
910 1683 949 1717 et
971 1679 1167 1717 australis.

278 1848 343 1890 H.
364 1848 732 1901 Hymettium
761 1846 912 1903 (ssoiss.
945 1854 986 1890 et
1014 1847 1157 1889 Heldr.
1192 1846 1339 1902 Diugn.
1370 1846 1461 1889 Ser.
1488 1847 1538 1900 ll,
1570 1847 1602 1898 Ι,
1631 1861 1672 1903 p.
1695 1845 1769 1903 5³2)
1798 1846 1917 1889 foliis

220 1919 348 1962 supra
386 1906 620 1948 vircntibus
657 1907 806 1949 subtus
842 1906 1094 1949 indumento
1132 1906 1295 1948 stellato
1333 1905 1449 1948 canis
1488 1905 1625 1962 planis
1661 1905 1917 1948 radicalibus

217 1964 462 2021 majusculis
500 1965 693 2020 oblongis
731 1967 789 2007 vol
815 1964 1265 2020 oblongo-lanceolatis
1293 1964 1442 2017 acutis,
1481 1964 1636 2007 ramcis
1671 1963 1917 2007 minoribus

219 2024 574 2079 ovato-oblongis,
615 2024 796 2066 racemis
824 2023 1025 2066 brevibus
1053 2023 1279 2066 confertim
1306 2023 1579 2080 paniculafis,
1619 2023 1760 2080 calyce
1798 2023 1915 2066 albo-

221 2081 389 2140 hispido
418 2090 454 2131 5.

279 2155 379 2192 Hab.
406 2154 443 2190 in
471 2153 660 2200 lapidosis
687 2154 802 2191 siccis
826 2152 1000 2200 Graeciae‚
1028 2153 1160 2190 Attica
1176 2153 1213 2189 in
1238 2153 1424 2200 Hymetto
1452 2155 1491 2190 et
1516 2152 1716 2190 Pentelico
1744 2148 1912 2206 (Sprunl

219 2211 364 2252 Heldr!
395 2212 516 2260 Orph.
544 2212 604 2250 Fi.
635 2212 703 2250 Gr.
731 2225 812 2250 exs.
831 2211 883 2252 51
903 2207 949 2267 !).
977 2213 1124 2250 Baeotia
1149 2213 1185 2249 in
1213 2215 1341 2249 monte
1363 2211 1491 2249 Onion
1515 2210 1714 2263 (Heldrl),
1738 2212 1915 2250 Laconia

220 2276 256 2311 in
300 2279 428 2311 monte
470 2273 622 2311 Malcvo
657 2268 879 2324 (Helm-l),
918 2272 1035 2311 Creta
1074 2273 1110 2309 in
1156 2272 1350 2310 montibus
1393 2271 1657 2320 Spliacioticis
1699 2270 1866 2324 (Heldri
1886 2272 1914 2323 ).

221 2334 280 2371 Fl.
307 2338 390 2371 aest.

278 2403 311 2438 A
338 2401 647 2448 praecedentibus
675 2401 839 2438 racemis
863 2399 1090 2448 compositis
1116 2398 1351 2436 distinctum.
1377 2398 1500 2436 Valde
1517 2394 1635 2436 affine
1660 2398 1706 2436 H.
1734 2399 1912 2437 rotundi-

219 2461 312 2510 solz'o
339 2461 438 2498 Dun.
465 2474 524 2496 z
549 2461 698 2498 rabello
730 2460 851 2497 Presl.
881 2460 1010 2497 differt
1059 2459 1164 2496 foliis
1190 2456 1441 2497 inferioribus
1480 2458 1631 2506 magnis
1664 2459 1701 2496 in
1727 2459 1914 2508 petiolum

219 2521 430 2559 attenuatis
453 2532 524 2558 nec
542 2521 625 2558 basi
651 2520 880 2567 rotundatis,
901 2519 1322 2566 oblongo-lanceolatis
1348 2529 1419 2557 nec
1445 2518 1836 2569 ovato-orbiculatis;
1864 2529 1913 2555 an

222 2585 350 2618 tamen
378 2580 492 2629 hujus
515 2580 686 2618 varietas
699 2579 729 2617 ἶ).

227 2744 350 2788 SECT.
382 2743 447 2787 VI.
487 2743 838 2787 POLYSTACHYUM.
876 2742 1018 2786 Willk.
1052 2743 1133 2784 loc.
1162 2741 1233 2784 cit.
1266 2754 1305 2797 p.
1338 2740 1408 2783 42.
1439 2767 1496 2771 ——
1526 2739 1665 2796 Calyoe
1688 2740 1719 2783 5
1746 2740 1918 2797 sepalus

550 2801 706 2857 sepaffis
729 2801 1010 2843 amarioribus
1033 2801 1167 2843 multo
1190 2800 1431 2843 minoribus
1456 2799 1735 2842 interioribus
1759 2799 1916 2842 triuer-

555 2861 646 2902 msseffs.
669 2860 820 2902 Potula
844 2860 958 2902 lutea
974 2859 1114 2913 calyce
1137 2859 1216 2902 2-3
1230 2859 1302 2915 plo
1322 2859 1530 2914 lonyiom.
1558 2857 1759 2901 Stamina
1773 2858 1918 2915 pluri-
