2021 3235
948 50 1028 94 841

233 327 396 373 om).
434 326 609 372 xxll.
644 322 1222 379 STERCULIACEAE‚
1262 320 1409 368 Endl.
1443 322 1567 369 Gen.
1608 320 1729 368 987.

192 527 337 570 Flores
368 527 599 583 regulares,
630 526 672 569 in
701 526 857 569 nostris
884 523 1240 581 hermaphroditi.
1271 523 1391 580 Calyx
1425 522 1722 579 gamosepalus
1740 536 1833 579 per-

135 586 287 629 sistens
314 586 407 643 plus
435 585 576 627 minus
593 585 806 643 profunde
834 583 860 626 5
887 584 998 627 fidus
1025 582 1286 627 aestivatione
1314 583 1515 625 valvatus.
1549 580 1688 623 Petala
1717 579 1743 622 5
1764 595 1831 623 ra-

135 644 224 687 rius
251 645 380 687 nulla.
411 643 600 687 Stamina
626 645 688 686 vel
725 643 948 686 indefinita
974 642 1016 685 in
1057 642 1204 685 tubum
1233 642 1532 684 columnarum
1560 645 1742 682 connata
1769 640 1832 682 vel

133 702 160 745 5
187 703 405 746 sublibera
431 702 585 760 sepalis
612 703 791 755 alterna,
820 701 1077 745 staminodia
1104 701 1217 744 inter
1245 699 1428 743 stamina
1455 698 1610 756 sepalis
1637 698 1832 755 opposita

133 762 196 804 vel
223 763 356 816 nulla,
386 762 576 804 antherae
604 761 860 804 biloculares
890 760 997 803 rima
1035 759 1192 816 duplici
1223 759 1506 802 dehiscentes.
1538 756 1737 801 Ovarium
1783 756 1832 799 li-

134 821 284 863 berum
313 819 392 863 ⁶2-5
418 821 605 864 Ioculare
632 819 782 863 loculis
815 818 1159 876 Q-pluriovuiatis
1178 855 1187 872 ,
1217 818 1339 861 ovula
1382 824 1603 874 anatropa.
1651 815 1832 859 Fructus

133 879 285 931 siccus,
316 880 496 936 carpella
525 880 584 922 vel
615 879 656 921 in
686 879 904 936 capsulam
932 877 1154 921 loculicide
1189 876 1481 921 dehiscentem
1512 874 1664 918 coalita
1693 875 1753 917 vel
1789 874 1831 917 in

132 952 282 981 coccos
309 938 624 981 indehiscentes
666 945 738 980 aut
763 936 955 980 valvatim
985 936 1254 980 dehiscentes
1282 934 1538 979 secedentia.
1572 933 1740 978 Semina
1771 935 1831 977 al-

133 996 374 1050 buminosa,
405 997 580 1055 embryo
609 1003 750 1040 rectus
776 997 840 1039 vel
869 1009 1085 1040 arcuatus.

848 1172 1109 1221 MELHANIA

638 1255 811 1315 (Forsk.
848 1255 908 1302 ri.
944 1254 1032 1316 AEq.
1067 1253 1188 1302 Arab.
1225 1254 1320 1316 64).

190 1413 419 1458 Bracteolae
443 1422 533 1457 tres
560 1414 851 1471 persistentes.
883 1414 1002 1471 Galyx
1021 1413 1261 1472 5partitus.
1294 1414 1434 1457 Petala
1461 1412 1487 1455 5
1522 1412 1831 1457 marcescentia

129 1472 270 1527 plana.
301 1472 463 1530 Cupula
489 1473 699 1516 staminea
725 1473 976 1516 brevissima
1003 1473 1260 1517 staminodia
1286 1472 1313 1516 5
1348 1473 1523 1529 ligulata
1560 1472 1830 1530 staminaque

129 1530 156 1574 5
182 1545 279 1574 cum
309 1532 576 1576 staminodiis
613 1532 869 1575 alternantia
904 1532 1059 1575 ferens.
1097 1532 1297 1576 Ovarium
1327 1532 1473 1577 sessile
1500 1531 1744 1575 5-loculare
1774 1533 1831 1574 lo-

129 1590 234 1634 culis
261 1590 620 1646 1-pluriovulatis.
649 1591 747 1649 Styli
776 1590 802 1633 5
830 1591 919 1634 basi
948 1591 1105 1636 coaliti.
1136 1591 1553 1649 Capsulaloculicide
1581 1590 1819 1635 dehiscens.

127 1676 184 1679 —
211 1649 402 1693 Frutices
431 1650 616 1694 molliter
642 1650 887 1694 tomentosi.

186 1800 255 1843 M.
289 1801 604 1845 bracteosa
631 1800 779 1857 (Guill.
829 1807 870 1843 et
907 1800 1025 1844 Perr.
1065 1801 1185 1844 Tent.
1226 1800 1286 1842 Fl.
1317 1800 1468 1857 Seneg.
1500 1801 1534 1854 1,
1562 1815 1602 1858 p.
1635 1800 1709 1855 86,
1737 1801 1823 1844 tab.

129 1856 183 1899 17
212 1858 290 1901 sub
320 1859 522 1910 Broterci)
552 1860 752 1916 adpresse
791 1867 1178 1913 tomentoso-cana,
1209 1858 1321 1903 foliis
1347 1859 1505 1916 petiolo
1539 1860 1600 1903 eis
1641 1859 1826 1903 breviori

125 1916 305 1960 suffultis
332 1918 465 1961 ovatis
490 1919 553 1962 vel
580 1919 775 1975 oblongis
803 1918 965 1962 obtusis
993 1919 1195 1972 crenatis,
1225 1919 1391 1975 stipulis
1419 1919 1613 1971 setaceis,
1644 1919 1825 1963 racemis

127 1974 374 2020 axillaribus
401 1977 566 2020 bissoris
592 1978 751 2035 petiolo
779 1977 1116 2034 subaequilongis
1134 2014 1143 2031 ,
1173 1977 1381 2020 involucri
1411 1978 1593 2021 bracteis
1630 1978 1828 2021 cordato-

127 2034 435 2079 renisormibus
462 2042 703 2080 transverse
739 2036 965 2080 latioribus
1003 2036 1290 2080 obtusissimis
1332 2037 1502 2081 tandem
1545 2037 1829 2080 accrescenti-

126 2091 228 2147 bus,
259 2095 411 2152 calycis
439 2096 548 2139 lobis
574 2095 1120 2152 triangulari-lanceolatis,
1148 2095 1299 2153 petalis
1326 2095 1499 2153 oblique
1527 2095 1661 2139 ovatis
1689 2097 1828 2154 calyce

126 2151 424 2207 brevioribus,
454 2155 724 2199 staminodiis
750 2154 987 2198 linearibus
1031 2155 1213 2198 stamina
1249 2155 1578 2211 superantibus,
1607 2154 1741 2198 ovarii
1769 2156 1830 2198 lo-

125 2210 231 2254 culis
258 2211 338 2255 3-AE
365 2213 562 2266 ovulatis,
592 2214 758 2257 fructus
784 2213 934 2257 loculis
959 2212 1030 2257 1-ss
1057 2213 1239 2272 spermis
1266 2213 1505 2257 seminibus
1533 2213 1666 2257 ovatis
1692 2227 1828 2272 punc-

128 2269 223 2314 talis
251 2279 288 2321 5.
319 2272 376 2315 M.
412 2272 621 2329 Kotschyi
651 2279 689 2316 et
717 2274 775 2316 M.
814 2273 1062 2329 reniformis
1090 2273 1266 2316 Hochst.
1306 2279 1348 2316 et
1379 2272 1436 2315 St.
1474 2272 1517 2315 in
1559 2271 1745 2330 Schimp.
1787 2280 1828 2315 et

127 2327 170 2371 in
205 2329 263 2388 Ky
295 2331 353 2388 pl.
386 2345 471 2374 exs.
503 2331 559 2374 M.
591 2332 804 2388 sidoefolia
838 2331 984 2375 Stocks
1020 2332 1115 2376 Mss.

183 2401 284 2440 Hab.
314 2403 350 2440 in
373 2403 539 2442 collibus
559 2404 795 2443 Belutschiae
819 2404 1016 2442 inferioris
1031 2404 1050 2442 ἱ)
1076 2400 1240 2457 (Stocks
1257 2406 1299 2450 l).

186 2468 315 2508 Dubia
336 2471 444 2519 civis,
469 2483 556 2509 nam
581 2471 711 2509 forsan
731 2474 879 2509 tantum
904 2472 940 2509 in
967 2472 1116 2509 ditione
1140 2471 1283 2510 Scinde
1309 2472 1491 2510 occurrit.

186 2534 260 2576 Ar.
294 2536 456 2589 Geogr„
484 2537 760 2589 Senegambia,
787 2539 919 2578 Nubia
936 2540 1169 2578 Kordofana
1186 2540 1268 2590 (Ky
1288 2538 1330 2589 ἔ),
1356 2539 1503 2577 Arabia
1529 2540 1695 2588 tropica,
1717 2539 1829 2576 India

125 2598 505 2637 bon-occidentalis.

184 2732 254 2775 M.
283 2736 462 2777 ovata
489 2732 657 2788 (Cavan.
690 2734 749 2777 Ic:
776 2734 826 2788 V,
856 2749 895 2792 p.
931 2733 1000 2787 19,
1031 2735 1115 2777 tab.
1147 2733 1249 2787 433,
1281 2735 1359 2777 sub
1394 2735 1595 2792 Broterci)
1625 2736 1826 2792 adpresse

129 2797 519 2845 cano-lomentosa,
549 2791 659 2836 foliis
688 2793 842 2849 petiolo
881 2793 941 2836 eis
977 2793 1164 2837 breviori
1193 2793 1374 2836 suffultis
1403 2807 1423 2836 e
1452 2794 1542 2837 basi
1571 2794 1825 2837 subcordata

126 2849 259 2893 ovatis
287 2849 450 2896 obtusis
479 2851 690 2905 crenatis,
720 2852 885 2909 stipulis
905 2852 1117 2907 setaceis,
1147 2852 1327 2896 racemis
1362 2859 1399 2895 et
1434 2852 1567 2896 axillis
1610 2853 1824 2911 supremis
