2021 3235
998 149 1083 193 562

266 261 364 298 Hab.
384 260 422 297 in
439 256 602 295 desertis
619 265 728 303 prov.
748 251 974 289 Khorassan
995 246 1139 285 Persiae
1155 245 1255 282 inter
1268 244 1466 282 Messinon
1484 246 1522 281 et
1537 241 1650 280 Mehr
1676 239 1828 294 (Bunge
1844 238 1884 293 Ξ),

210 321 247 358 in
273 321 427 357 deserto
449 315 647 354 Karakum
673 309 943 349 Turkestaniae
968 303 1172 360 (Lehm!).
1197 303 1256 342 Fl.
1281 303 1368 341 Jun.

268 387 301 424 A
326 383 558 433 praecedenti
584 381 644 419 cui
669 379 783 415 affine
807 373 961 413 differre
986 373 1138 410 videtur
1162 369 1418 418 glauoedine‚
1446 369 1565 406 ramis
1601 379 1705 417 saepe
1734 367 1887 416 pedali-

209 447 300 495 bus,
326 445 428 482 foliis
451 441 653 480 latioribus
678 437 816 485 saepius
840 433 1096 480 brevioribus,
1122 430 1284 468 floribus
1308 428 1426 466 tertia
1449 430 1561 476 parte
1582 427 1841 466 brevioribus.

268 617 328 659 A.
363 618 750 669 squarrosum
792 603 940 660 (Boiss.
977 598 1251 664 Diagn3Ser.
1284 597 1337 651 ΙΙ,
1367 598 1400 650 Ι,
1430 612 1470 663 p.
1502 596 1577 655 81)
1619 599 1890 653 glaucescens

212 673 391 730 crispulo
418 671 669 728 pubescens,
690 666 817 708 dense
835 662 1060 704 dumosum
1089 670 1352 709 erlnaceum,
1372 656 1481 699 folus
1498 656 1741 712 patentibus
1759 657 1889 700 subu-

210 731 304 775 latis
340 728 522 773 acerosis
557 739 685 782 supra
719 720 855 779 planis
882 719 1029 762 subtus
1057 715 1266 768 convexis,
1311 715 1558 772 glomerulis
1598 714 1783 757 breviter
1818 730 1891 773 pe-

211 788 449 833 dunculatis
482 787 524 829 in
557 782 805 840 corymbum
841 776 1068 833 congestis,
1111 774 1295 818 bracteis
1337 774 1478 831 calyce
1520 773 1582 816 vix
1623 773 1892 818 brevioribus

211 848 329 905 apice
356 839 865 903 squamoso-patentibus,
894 835 1043 893 calycis
1070 832 1340 890 pubescentis
1367 831 1566 875 dentibus
1592 832 1776 875 breviter
1801 834 1892 876 lan-

212 905 383 949 ceolatis
409 902 592 947 acerosis
619 898 760 951 rectis,
803 895 959 939 lamina
987 893 1081 936 alba
1109 892 1228 935 fauce
1256 894 1379 934 rosea
1407 890 1766 948 elliptico-lineari
1794 905 1894 935 acu-

212 964 390 1007 tiuscula
417 960 592 1005 dimidio
619 956 749 1015 calyci
777 952 1096 1010 subaequilonga
1123 958 1159 1000 5.
1204 950 1255 992 A.
1286 963 1569 1007 squsarrosum
1594 963 1683 992 var.
1716 949 1895 1006 brachy-

212 1023 318 1065 odon
344 1021 473 1064 Boiss.
506 1025 545 1061 et
571 1017 707 1061 Buhse
733 1014 851 1058 Aufz.
881 1027 921 1070 p.
954 1010 1024 1055 39.

270 1101 368 1138 Hab.
394 1100 429 1136 in
453 1097 610 1145 Persia,
638 1094 832 1132 montibus
868 1089 1100 1138 Seidkhodji
1126 1100 1237 1136 prov,
1263 1086 1509 1135 Aderbidjan
1536 1082 1731 1143 (Szow!)‚
1756 1088 1894 1126 Persia

212 1159 370 1197 australi
396 1154 534 1212 (Auch.
561 1167 644 1193 exs,
681 1151 839 1202 42681)
865 1155 903 1189 et
926 1150 975 1187 ad
1000 1148 1157 1188 Schiraz
1187 1145 1267 1198 (Ky
1293 1159 1375 1185 exs.
1399 1143 1513 1187 440!
1542 1147 1613 1185 sub
1635 1146 1680 1185 A.
1705 1147 1890 1199 spinoso),

212 1219 313 1256 inter
334 1218 441 1255 Yezd
469 1220 505 1254 et
537 1214 706 1262 Ispahan
740 1210 967 1262 (Bungel),
993 1209 1032 1246 in
1056 1220 1164 1256 prov.
1192 1206 1421 1244 Khorassan
1445 1202 1659 1261 (Bungel),
1684 1206 1894 1255 Affghania

213 1278 262 1315 ad
285 1277 481 1325 Khuggah
509 1267 682 1324 (Griff!)‚
705 1270 930 1310 Belutschia
955 1264 1168 1324 (Stookst).
1194 1266 1253 1304 Fl.
1278 1265 1368 1304 Mai.
1395 1266 1484 1304 Jun.

273 1344 404 1380 Variat
430 1343 607 1380 foliorum
632 1338 887 1389 longitudine.
907 1335 1034 1373 Affine
1057 1333 1102 1372 A.
1123 1333 1326 1384 pungenti,
1347 1333 1475 1370 differt
1497 1332 1600 1371 foliis
1615 1333 1702 1371 basi
1726 1334 1891 1372 crassio-

212 1403 330 1451 ribus,
357 1400 641 1440 inflorescentia
664 1399 787 1448 magis
807 1396 1036 1444 composita,
1056 1394 1228 1432 bracteis
1251 1393 1521 1438 validioribus,
1540 1393 1720 1431 dentibus
1746 1393 1892 1442 calycis

213 1462 298 1500 basi
324 1461 613 1511 angustioribus
640 1462 677 1496 et
709 1457 851 1509 petalis
888 1454 1065 1504 angustis
1088 1453 1212 1492 acutis
1237 1453 1351 1491 aliter
1377 1452 1576 1490 coloratis.
1607 1452 1745 1490 Flores
1777 1452 1892 1501 paulo

213 1532 391 1558 minores.

267 1593 313 1657 β.
342 1590 664 1648 ylaberrimum.
697 1586 914 1644 (Bunge).
954 1584 1069 1642 Typo
1106 1582 1244 1627 simile
1285 1582 1359 1625 sed
1400 1581 1596 1639 glabrum
1629 1589 1670 1625 et
1705 1581 1804 1627 folia
1831 1589 1892 1626 te-

210 1663 283 1694 nui
315 1663 376 1693 ra.

268 1664 367 1760 Hoab.
393 1722 429 1758 in
456 1720 650 1758 montibus
672 1718 771 1756 inter
794 1717 968 1756 Kerman
993 1718 1031 1754 et
1052 1713 1160 1752 Yezd
1183 1710 1393 1764 (Bungel).

270 1816 309 1854 y.
330 1792 361 1836 S
367 1792 641 1835 tocksianum.
672 1789 889 1840 Glabrum,
919 1785 1018 1828 folia
1036 1785 1230 1840 elongata
1247 1797 1358 1841 saepe
1375 1782 1757 1840 sesquipollicaria,
1775 1783 1893 1827 brac-

210 1859 286 1896 teae
304 1850 444 1894 minus
462 1862 717 1907 squarrosae,
745 1847 883 1904 petala
899 1850 1163 1888 mucronata.
1194 1843 1246 1886 A.
1267 1841 1568 1886 Slocksiamcm
1586 1841 1717 1885 Boiss.
1738 1841 1889 1898 Diagn.

211 1909 299 1954 Ser.
332 1909 446 1963 11‚1‚
474 1923 516 1965 p.
547 1907 617 1950 81.

268 1981 367 2019 Hab.
393 1981 430 2017 in
454 1977 681 2017 Belutschia
703 1974 860 2030 (Stocks
875 1976 912 2023 Ξ).

268 2049 404 2087 Flores
430 2048 468 2084 in
487 2046 561 2085 hac
584 2046 709 2084 forma
733 2056 801 2082 eos
822 2044 868 2082 A.
892 2043 1101 2093 punqentz's
1123 2044 1337 2091 aequantes.

266 2218 326 2260 A.
343 2216 702 2272 cespitosum
729 2213 878 2269 <Boiss.
909 2212 1057 2268 Diagn.
1088 2210 1178 2254 Ser.
1203 2210 1235 2264 l,
1265 2211 1297 2263 1,
1326 2223 1368 2267 p.
1389 2208 1465 2266 42)
1493 2208 1786 2252 tomentellum
1803 2206 1891 2263 gri-

209 2289 345 2326 seum,
375 2275 502 2317 dense
530 2272 807 2329 pulvinatum‚
838 2270 946 2314 foliis
974 2269 1176 2314 confertis
1203 2268 1404 2311 brevibus
1429 2266 1677 2311 lanceolatis
1704 2265 1891 2309 acerosis

210 2332 601 2384 subcanaliculatis‚
631 2330 877 2387 glomerulis
905 2329 948 2372 in
976 2328 1132 2386 cespite
1161 2327 1398 2381 sessilibus,
1426 2326 1609 2370 bracteis
1636 2324 1745 2369 soliis
1778 2323 1893 2368 simi-

209 2391 319 2434 libus
346 2392 415 2434 sed
444 2390 532 2433 basi
561 2389 780 2432 latioribus
809 2388 1084 2444 rigidioribus
1112 2386 1264 2430 erectis
1282 2387 1422 2444 calyce
1439 2384 1722 2442 longioribus,
1751 2384 1892 2440 calyce

209 2449 437 2507 cylindrico
464 2450 515 2491 ad
541 2448 709 2491 tertiam
735 2454 899 2504 partem
917 2447 960 2489 in
979 2447 1125 2489 dentes
1141 2446 1398 2488 lanceolatos
1413 2445 1538 2500 longe
1556 2455 1754 2487 acerosos
1772 2442 1890 2495 fisso,

206 2508 361 2572 lamina
388 2510 507 2550 rosea
534 2513 710 2562 anguste
737 2505 1091 2548 lineari-cuneata
1118 2507 1261 2547 retusa
1288 2503 1439 2546 aristas
1466 2501 1620 2560 calycis
1636 2501 1702 2544 vix
1719 2513 1891 2558 aequan-

208 2572 237 2608 t]
276 2574 336 2615 26.
421 2568 425 2573 '

266 2636 366 2674 Hab.
385 2635 423 2673 in
448 2634 581 2673 Persia
606 2631 743 2686 (Auch.
769 2645 849 2672 exs.
879 2631 1028 2685 5571).

269 2701 379 2739 Rami
402 2701 631 2749 brevissimi,
658 2700 749 2738 folia
775 2700 982 2738 imbricata
1005 2698 1032 2739 5
1055 2700 1178 2737 lineas
1202 2700 1320 2749 longa
1343 2698 1660 2748 patulo-recurva
1694 2695 1771 2734 illis
1794 2695 1892 2734 alia-

212 2772 295 2798 rum
320 2760 534 2808 specierum
553 2760 675 2798 minus
700 2758 841 2809 rigida,
864 2760 1069 2808 glomeruli
1092 2758 1167 2799 5-7
1192 2759 1291 2809 flori,
1319 2759 1435 2807 calyx
1459 2755 1488 2796 4
1509 2757 1577 2794 lin.
1601 2756 1756 2804 longus.
