2021 3235
1051 97 1136 141 489

823 275 842 331 ξ
874 274 894 316 l
909 310 916 316 .
952 274 1349 319 Verruculosi.

751 409 773 431 ÷÷
806 410 948 447 Annui.
975 409 1139 447 Lamina
1164 409 1249 447 basi
1283 409 1435 456 glabra.

307 535 365 577 D.
386 533 790 588 tripunctatus
828 528 982 585 (Sibth.
1014 528 1043 570 F
1048 529 1073 571 l.
1105 529 1240 572 Graec.
1275 529 1341 583 lv,
1366 544 1408 586 p.
1439 528 1512 579 86,
1542 529 1625 572 tab.
1658 528 1761 586 398)
1791 531 1938 587 glaber

249 598 415 635 erectus
442 590 582 648 patule
611 602 820 640 ramosus,
851 587 963 630 foliis
990 587 1185 642 rigidulis
1212 587 1303 630 basi
1332 588 1937 645 membranaceo-marginatis

248 650 414 702 ciliatis,
446 648 702 691 ramealibus
720 645 931 703 adpressis
950 645 1068 702 apice
1087 646 1280 699 setaceis‚
1310 645 1489 689 floribus
1507 647 1558 689 ad
1586 660 1804 690 ramorum
1832 648 1935 704 rigi-

247 710 400 752 dorum
429 707 782 750 subincurvorum
812 704 975 761 apicem
1003 704 1220 758 solitariis,
1256 705 1446 762 squamis
1474 705 1607 748 ovalis
1633 706 1827 762 margine
1854 708 1934 750 late

247 765 583 810 membranaceis
613 765 654 807 in
681 764 834 807 aristas
867 763 1085 806 subulatas
1118 763 1278 819 rigidas
1314 764 1455 821 calyce
1494 764 1793 808 subbreviores
1829 773 1935 809 atte—

246 826 402 878 nuatis,
441 824 594 881 calycis
630 823 731 865 tubo
763 823 814 865 ad
849 821 969 864 basin
1003 835 1138 878 usque
1173 822 1321 865 striato
1349 822 1548 865 dentibus
1576 823 1834 877 lanceolatis,
1873 825 1934 868 la-

247 885 359 926 mina
386 883 758 926 obovato-cuneata
786 881 957 923 dentata
983 879 1072 922 basi
1101 880 1331 923 saturatius
1365 881 1579 924 trilineata
1599 888 1664 934 Θ.

304 955 405 992 Hah.
424 954 460 989 in
478 952 650 990 herbidis
674 951 788 988 siccis
807 956 844 987 et
862 951 960 987 inter
977 956 1133 998 segetes
1154 952 1416 999 Peloponnesi
1435 952 1483 988 ad
1503 952 1718 991 Trezenem
1737 952 1933 1004 (Helcstt),

245 1014 381 1051 insulis
403 1012 547 1060 AEgina
572 1007 761 1062 (Heldrl)‚
782 1009 970 1047 Thermia
991 1008 1126 1061 (Orph.
1146 1010 1205 1048 Fl.
1230 1021 1314 1051 eXS.
1334 1008 1481 1059 4601),
1509 1010 1624 1049 Samo
1646 1011 1800 1063 (Urvi),
1818 1011 1935 1051 Creta

248 1069 410 1123 (Siebt),
437 1071 566 1120 Cypro
598 1063 788 1121 (Sibthl).
817 1069 875 1107 Fl.
903 1069 1081 1107 Mai-Jun.

301 1238 360 1280 D.
380 1236 516 1290 Cyri
558 1233 623 1290 (F.
665 1241 705 1276 et
736 1232 788 1275 M.
822 1232 912 1274 lnd.
947 1232 1013 1274 lV.
1047 1231 1167 1274 Hort.
1201 1232 1368 1289 Petrop.
1402 1246 1442 1288 p.
1474 1231 1548 1289 34)
1590 1233 1738 1288 glaber
1765 1240 1929 1276 erectus

243 1296 386 1338 stricte
416 1307 627 1345 ramosus,
668 1291 778 1334 foliis
805 1290 1025 1337 latiuscule
1054 1289 1288 1333 linearibus
1316 1290 1510 1346 margine
1538 1291 1718 1344 scabris,
1755 1291 1932 1334 floribus

245 1353 539 1397 terminalibus
568 1350 794 1402 solitariis,
839 1349 1028 1406 squamis
1068 1349 1200 1392 ovatis
1243 1349 1283 1391 in
1327 1349 1478 1392 aristas
1519 1356 1707 1393 setaceas
1747 1350 1931 1393 virentes

241 1414 426 1470 calycem
472 1416 721 1467 superantes
763 1408 921 1451 sensim
963 1408 1207 1461 attenuatis,
1254 1407 1405 1466 calycis
1432 1407 1535 1450 tubo
1563 1409 1705 1452 enervi
1732 1408 1931 1452 dentibus

242 1470 486 1513 lanceolatis
515 1467 874 1512 nervoso-striatis
901 1466 1018 1524 apice
1048 1466 1269 1519 scariosis,
1305 1466 1463 1509 lamina
1490 1471 1618 1523 parva
1645 1468 1828 1524 oblonga
1853 1466 1931 1511 5-ss

244 1530 415 1572 dentata
443 1531 562 1571 rosea
593 1533 658 1578 Ε).
691 1525 742 1568 D.
769 1526 1021 1582 macrolcpis
1049 1525 1180 1568 Boiss.
1213 1525 1360 1582 Diagn.
1391 1524 1481 1568 Ser.
1512 1526 1545 1578 l,
1576 1526 1608 1578 l,
1638 1541 1678 1583 p.
1710 1526 1780 1570 18.

302 1602 401 1639 Hab.
430 1601 466 1637 in
492 1600 668 1637 arenosis
695 1604 731 1634 ct
757 1598 870 1635 cultis
892 1598 1083 1635 Anatoliae
1106 1598 1154 1634 ad
1179 1599 1339 1635 Amasia
1362 1597 1507 1646 (Wied
1525 1597 1534 1636 l
1553 1603 1581 1646 ),
1610 1599 1747 1637 Iberiae
1769 1600 1818 1637 ad
1843 1600 1925 1637 Eli-

242 1660 447 1709 sabethpol
476 1658 534 1709 (F.
562 1663 598 1696 et
623 1655 707 1709 M.)‚
733 1657 906 1705 Assyriae
929 1657 1029 1694 inter
1056 1656 1151 1695 Orfa
1176 1662 1213 1694 et
1237 1657 1411 1694 Siwerek
1443 1654 1519 1708 (Ky
1543 1669 1625 1696 exs.
1648 1651 1771 1710 603),
1803 1670 1925 1707 prope

240 1719 400 1769 Bagdad
424 1718 569 1766 (Auch.
595 1729 676 1755 exs.
702 1713 881 1770 4250!)‚
908 1716 1116 1765 Affghania
1141 1716 1189 1754 ad
1217 1715 1425 1755 Candahar
1448 1715 1612 1769 (Grifft).

298 1786 435 1825 Facies
463 1785 614 1823 Tunicoe
634 1783 831 1833 proliseroe
853 1783 923 1820 sed
942 1783 1058 1821 flores
1084 1783 1258 1821 solitarii.

237 1962 261 1985 ’κ
293 1962 316 1983 ⁴⁶
349 1963 558 2000 Perennes.
582 1959 744 1998 Lamina
768 1959 852 1997 basi
877 1959 1095 1998 barbulata.
1125 1958 1247 1996 Nervi
1270 1958 1320 1995 ad
1353 1958 1479 1996 latera
1502 1958 1654 1996 sinuum
1684 1958 1832 2007 calycis
1857 1959 1921 1998 siti

503 2039 615 2066 secus
640 2027 772 2065 tubum
796 2037 977 2064 enervem
1000 2026 1087 2074 plus
1110 2025 1235 2063 minus
1256 2025 1374 2073 longe
1400 2024 1667 2063 decurrentes.

296 2168 354 2210 D.
383 2165 887 2220 multipunctatus
924 2160 1030 2218 (Ser.
1062 2161 1105 2204 in
1135 2174 1202 2205 Dc.
1234 2160 1383 2203 Prodr.
1415 2161 1449 2212 l,
1480 2175 1519 2218 p.
1552 2159 1657 2219 362)
1699 2162 1849 2217 glaber
1875 2176 1924 2206 ve

237 2225 328 2268 basi
372 2223 693 2281 subpubescens
733 2220 1007 2273 muniminis,
1057 2220 1250 2263 caulibus
1292 2220 1621 2264 ascendentibus
1662 2220 1923 2278 simplicibus

235 2285 297 2327 vel
327 2282 444 2339 apice
472 2295 598 2339 parce
627 2287 666 2323 et
693 2279 836 2324 stricte
865 2279 1068 2332 ramosis,
1107 2278 1217 2322 soliis
1244 2277 1333 2321 basi
1363 2278 1515 2322 ciliatis
1543 2278 1735 2335 margine
1763 2279 1923 2322 scabri-

236 2342 317 2395 dis,
352 2341 529 2384 ssoribus
566 2338 867 2391 subsolitariis,
911 2338 1099 2395 squamis
1141 2336 1339 2381 scariosis
1380 2337 1547 2395 pallidis
1588 2337 1721 2381 ovatis
1761 2337 1923 2382 obtusis

236 2400 365 2443 arista
392 2398 507 2442 tenui
535 2397 651 2440 brevi
680 2398 881 2455 adpressa
908 2395 1166 2450 terminatis,
1204 2395 1355 2454 calycis
1381 2395 1581 2440 dentibus
1607 2397 1922 2440 ovato-lanceo-

234 2458 330 2501 latis
356 2457 521 2515 pallidis
548 2456 689 2499 nervis
717 2456 887 2499 sinuum
917 2456 1041 2511 longe
1069 2453 1397 2498 decurrentibus
1415 2488 1425 2508 ,
1466 2454 1626 2498 lamina
1660 2457 1783 2498 rosea
1817 2455 1921 2498 obo-

234 2518 534 2560 vato-cuneata
560 2514 731 2557 dentata
766 2522 827 2563 26.
859 2513 910 2556 D.
942 2513 1170 2556 [incolatus
1196 2512 1328 2556 Delile
1355 2511 1399 2555 in
1426 2511 1511 2556 Cat.
1544 2512 1663 2556 Hort.
1695 2513 1886 2571 Monosp.

293 2588 392 2625 Hab.
417 2588 453 2623 in
488 2585 602 2624 siccis
637 2590 675 2622 et
705 2584 948 2633 rupestribus
980 2585 1115 2622 insulae
1139 2584 1214 2622 Cos
1250 2583 1507 2633 Archipelagi
1543 2584 1653 2631 (Urv.
1688 2583 1813 2623 Auch.
1838 2596 1919 2623 exs.

234 2637 396 2699 525t),
430 2644 554 2683 Cretae
576 2644 626 2681 ad
650 2643 808 2682 Khania
837 2643 949 2695 (Raul
966 2644 972 2680 !
992 2650 1024 2693 ),
1050 2644 1169 2681 totius
1195 2643 1317 2692 Syriae
1341 2636 1546 2681 littoralis!
1575 2643 1772 2682 interioris
1797 2655 1920 2693 prope

232 2703 343 2743 Nisib
385 2701 619 2756 (Hausskt)
652 2708 689 2741 et
723 2706 917 2741 montanae
950 2703 988 2740 in
1022 2702 1172 2741 Libano
1197 2706 1234 2740 et
1258 2702 1484 2741 Antilibano
1511 2701 1654 2754 (Auch.
1690 2714 1772 2741 exs.
1799 2695 1914 2743 5⁴29!

233 2762 372 2802 Boiss!
404 2759 468 2802 Bl!
494 2762 652 2811 Gaill!)‚
678 2762 887 2800 Palestinae
913 2757 1103 2815 (Boissl).
1125 2761 1188 2799 Fl.
1214 2761 1406 2802 Mai-Jun.

295 2832 434 2870 caules
458 2832 618 2880 pedales
644 2831 704 2868 vel
729 2830 954 2879 breviores,
979 2830 1096 2867 flores
1121 2830 1282 2868 multum
1307 2829 1460 2868 variant
1484 2829 1764 2881 magnitudine,
1787 2828 1920 2881 (calyx

233 2890 308 2931 9-5
333 2892 454 2929 lineas
477 2887 645 2940 longus),
670 2890 821 2928 laminis
843 2889 930 2938 plus
954 2888 1079 2927 minus
1103 2888 1257 2938 amplis.
