2021 3235
978 6 1063 51 856

237 103 336 141 Hah.
363 103 402 139 in
426 102 591 141 collibus
613 102 726 140 siccis
749 102 1030 151 Paphlagoniae
1053 103 1103 140 ad
1126 102 1384 140 Kastamonni
1413 100 1543 155 (Wied
1558 98 1617 158 !),·
1634 102 1800 141 Galatiae
1817 102 1867 140 ad

178 161 373 209 Ancyram
400 160 592 212 (Wied!)‚
620 162 819 199 Armeniae
843 162 1011 200 borealis
1044 161 1094 198 ad
1132 160 1443 200 Gumuchkhane
1475 162 1674 213 (Bourgl)
1702 165 1740 200 et
1775 173 1870 200 aus-

178 221 289 258 tralis
312 222 360 258 ad
395 220 549 269 Kar-put
580 215 747 270 (Noe'l),
768 221 1061 269 Mesopotamiae
1087 225 1125 258 et
1149 221 1323 269 Assyriae
1347 213 1502 271 (Auchi
1533 220 1664 273 Noet)
1682 252 1690 268 ,
1714 222 1765 259 ad
1788 221 1865 259 Eu·

179 279 357 328 phratem
382 279 541 330 (Chesn.
567 292 648 318 exs,
674 278 812 331 186t),
839 280 962 329 Syriae
984 280 1034 318 ad
1051 280 1206 329 Aleppo
1235 280 1315 330 (Ky
1339 292 1420 319 exs.
1446 278 1546 329 981)
1572 286 1610 320 et
1632 282 1683 320 ad
1701 281 1867 318 Damas-

179 350 268 438 ἓξὲξ
283 338 437 422 ¹(Labilt
452 339 492 389 ἒ),
518 340 736 378 Palaestinae
760 341 809 378 ad
830 340 1145 387 Hierosolymam
1169 339 1297 387 (Boiss
1312 339 1339 390 l)
1365 345 1403 378 et
1425 341 1476 378 ad
1492 341 1651 380 Hebron
1675 340 1756 390 (Ky
1778 351 1867 378 exs.

284 426 311 436 ..
337 399 396 437 Fi.
421 402 494 437 fine
522 400 640 437 veris.

237 466 271 505 A
298 467 335 505 L.
359 468 464 517 slavo
488 467 695 505 discedens
718 468 894 505 caulibus
917 468 1001 505 basi
1033 468 1305 514 suffruticosiS‚
1331 466 1436 505 foliis
1470 468 1611 516 saepius
1635 468 1865 517 uninerviis,

180 538 301 575 cymae
325 528 443 565 ramis
469 527 612 565 crassis
639 527 877 565 divaricatis.
904 526 1203 566 Observandum
1227 538 1275 564 an
1294 526 1373 564 iltae
1395 530 1499 566 notae
1522 528 1617 565 satis
1641 533 1869 566 constantes

182 586 269 624 sint.

238 652 282 705 β.
314 650 666 707 Pamphylicum.
697 649 810 692 Folia
846 649 1051 693 inferiora
1087 650 1136 692 ad
1172 650 1291 693 basin
1336 650 1525 693 caulium
1567 651 1773 694 conferta.
1822 650 1868 694 L.

180 709 513 766 Pamplegsticmn
539 708 672 752 Boiss.
704 708 747 750 in
774 709 832 765 pt.
866 708 1011 752 Heldr.
1044 723 1128 751 exs.

239 781 340 820 Hab.
366 782 401 818 in
428 781 527 819 colle
542 780 685 829 ,aprico
711 779 760 817 ad
785 779 1034 819 Tcheltikchi
1058 780 1157 818 inter
1173 779 1316 817 Adalia
1332 783 1371 818 et
1391 766 1590 819 Bouldo⁰ur
1614 781 1804 830 (Heldrl).

241 932 296 974 L.
324 932 638 974 Tauricum
667 930 829 986 (Willd.
861 930 1011 972 Enum.
1051 943 1091 986 p,
1123 927 1233 985 339)
1263 928 1456 971 caulibus
1484 926 1706 970 herbaceis
1734 925 1873 969 tenui-

184 989 289 1042 bus,
319 989 430 1032 foliis
458 988 775 1032 subuninerviis
812 987 1088 1031 inferioribus
1114 985 1489 1041 lineari-oblongis
1516 985 1678 1029 obtusis
1705 985 1870 1028 caeteris

184 1047 604 1091 lineari—lanceolatis
631 1047 783 1101 acutis,
813 1050 933 1104 cyma
952 1046 1210 1104 paniculata‚
1239 1045 1391 1102 sepalis
1419 1044 1872 1101 oblongo-lanceolatis

184 1106 439 1149 acuminatis
482 1106 673 1161 margine
702 1105 963 1163 glandulosis
991 1105 1148 1148 corolla
1177 1104 1302 1161 triplo
1344 1103 1613 1147 brevioribus
1656 1103 1872 1160 capsulam

184 1165 507 1217 excedentibus,
540 1165 686 1222 petalis
729 1165 883 1222 pallide
919 1164 1045 1207 luteis
1086 1161 1568 1215 obovato-orbiculatis‚
1606 1160 1875 1219 stigmatibus

182 1223 529 1266 lineari-clavatis
568 1232 628 1273 26.
673 1225 720 1267 L.
752 1223 1108 1280 campamclatum
1150 1222 1234 1265 ΜΒ.
1275 1222 1403 1265 Taur.
1448 1221 1574 1264 Cauc.
1621 1220 1690 1277 (ex
1718 1220 1871 1278 parte).

188 1281 235 1325 L.
266 1283 427 1339 slavum
455 1297 542 1325 var.
581 1283 833 1326 Thracicum
860 1282 1025 1326 Griseb.

242 1355 342 1392 Hab.
375 1356 412 1392 in
448 1355 603 1403 pascuis
627 1355 742 1392 siccis
767 1354 947 1392 Thraciae
972 1355 1078 1391 inter
1100 1353 1276 1390 Rodosto
1316 1356 1354 1389 ct
1387 1351 1537 1389 Rusk'oi
1571 1349 1731 1401 (Griseb
1748 1343 1757 1388 i
1776 1350 1815 1400 ),
1840 1351 1877 1388 in

187 1415 351 1451 collibus
386 1414 628 1452 desertorum
662 1413 844 1462 Georgiae
882 1413 1109 1452 Caucasicae
1139 1424 1263 1461 prope
1288 1411 1564 1449 Helenendorf
1583 1407 1718 1460 (Hohl
1755 1410 1881 1448 forma

183 1477 224 1510 ut
248 1478 286 1510 et
321 1474 517 1512 Thracica
554 1474 728 1512 caulibus
767 1474 946 1522 foliisque
979 1472 1217 1521 brevibus),
1249 1472 1288 1508 in
1326 1471 1472 1519 apricis
1503 1470 1659 1509 Tauria·
1687 1474 1876 1508 montosae

185 1530 302 1583 (Stev.
329 1533 453 1570 forma
479 1534 654 1572 caulibus
682 1538 719 1571 et
734 1533 838 1571 foliis
865 1525 1143 1583 longioribus).

244 1599 276 1637 A
302 1600 340 1638 L.
364 1600 465 1647 slavo
488 1600 590 1638 foliis
616 1600 829 1638 uninerviis
853 1599 1145 1649 angustioribus
1172 1600 1211 1636 et
1231 1598 1394 1636 fioribus
1420 1596 1578 1644 pallidis
1603 1596 1685 1634 fere
1711 1592 1875 1635 dimidio

185 1660 397 1698 minoribus
421 1672 471 1698 an
496 1660 678 1707 specifice
702 1664 762 1697 sat
787 1660 1011 1698 distinctum
1032 1653 1049 1697 P

242 1725 286 1777 β.
318 1723 640 1775 Pallasiamtm.
673 1722 789 1765 Folia
817 1723 866 1765 ad
895 1722 1060 1778 apicem
1092 1719 1341 1763 rhizomatis
1369 1719 1581 1776 cespitosa
1602 1719 1736 1762 dense
1763 1718 1879 1761 velu-

185 1781 272 1824 tina
313 1788 491 1837 anguste
533 1780 712 1824 linearia
753 1789 900 1834 acuta,
940 1781 1081 1824 caules
1117 1779 1267 1822 breves
1303 1776 1380 1821 1-3
1407 1778 1518 1821 flori.
1571 1778 1613 1821 L.
1652 1778 1879 1835 pubescens

185 1840 326 1883 Willd.
359 1840 486 1884 herb!
518 1840 564 1883 L.
606 1840 905 1883 Pallasz'cmum
931 1838 1091 1882 Schult.
1124 1837 1233 1895 Syst.
1263 1837 1333 1891 Vl,
1362 1850 1403 1894 p.
1436 1835 1536 1880 753.

243 1911 344 1949 Hab.
367 1910 405 1948 in
429 1911 577 1950 Tauria
601 1907 752 1965 (Pallas
768 1906 799 1964 Ξ)
827 1911 931 1949 circa
956 1909 1191 1957 Sebastopol
1218 1906 1375 1958 (Stev.).

244 1977 384 2017 Oanles
410 1980 769 2028 sesquipollicares,
795 1979 891 2017 folia
927 1981 1116 2026 congesta
1150 1976 1484 2015 subcanaliculata
1517 1974 1593 2016 5-6
1617 1976 1740 2013 lineas
1765 1975 1881 2023 longa

187 2036 207 2076 1
239 2039 381 2076 lineam
405 2039 494 2076 lata.
523 2039 581 2076 Ex
606 2040 652 2077 cl.
679 2038 823 2077 Steven
845 2038 895 2076 ad
920 2038 1084 2075 formam
1111 2037 1288 2085 glabram
1313 2036 1465 2073 transit.

243 2105 316 2146 Ar.
350 2112 509 2157 Geogr.
543 2108 684 2146 Rossia
701 2108 883 2146 australis
905 2107 942 2145 in
968 2105 1204 2144 Bessarabia
1229 2109 1267 2143 et
1290 2104 1341 2143 ad
1367 2103 1574 2143 Odessam.

243 2262 299 2305 L.
331 2261 641 2316 Syriacum
669 2261 819 2317 (Boiss.
844 2269 883 2304 et
910 2260 1053 2317 Gaill.)
1082 2260 1279 2317 glabrum
1307 2260 1598 2315 glaucescens,
1619 2258 1710 2301 basi
1730 2258 1882 2301 sutfru-

186 2326 348 2362 tescens
377 2319 639 2372 multicaule,
669 2319 862 2363 caulibus
891 2333 1075 2376 superne
1104 2319 1167 2361 vix
1197 2318 1425 2375 angulatis,
1444 2317 1555 2361 foliis
1573 2317 1773 2360 omnibus
1799 2317 1880 2359 mi-

185 2375 298 2420 nu'tis
325 2377 558 2420 uninerviis
587 2386 763 2434 anguste
789 2377 1280 2429 lanceolam-linearibus
1307 2377 1468 2427 acutis,
1498 2390 1629 2434 cymae
1663 2376 1879 2432 depaupe-

183 2443 285 2479 ratae
304 2436 434 2479 ramis
451 2436 552 2486 laxis
571 2436 772 2480 tenuibus
789 2436 1050 2494 paucissoris‚
1072 2436 1226 2493 sepalis
1245 2442 1423 2491 anguste
1451 2434 1695 2478 lanceolatis
1715 2434 1880 2478 inferne

185 2495 790 2549 membranaceo-marginatis
808 2495 1059 2539 brevissime
1077 2494 1340 2551 glandulosis
1359 2496 1482 2549 longe
1510 2493 1767 2537 acuminatis
1786 2507 1880 2536 mu-

183 2553 368 2596 cronatis
397 2554 555 2596 corolla
585 2554 707 2610 triplo
734 2554 1003 2597 brevioribus
1030 2553 1265 2597 fructiferis
1294 2553 1484 2596 recurvis
1512 2553 1685 2609 capsula
1712 2552 1879 2608 sesqui-

182 2611 467 2667 longioribus,
496 2612 646 2668 petalis
673 2612 791 2656 flavis
819 2612 1009 2656 obovatis
1036 2612 1216 2666 obtusis,
1247 2611 1517 2668 stigmatibus
1543 2610 1779 2654 linearibus
1816 2618 1876 2660 26.

240 2683 340 2721 Hab.
366 2684 403 2720 in
428 2683 673 2730 rupestribus
700 2685 888 2739 calcareis
911 2684 1124 2722 Antilibani
1147 2684 1246 2721 inter
1271 2683 1504 2721 Damascum
1530 2686 1567 2719 et
1593 2682 1812 2731 Berythum
1832 2681 1882 2719 ad

185 2740 308 2780 Ouadi
336 2743 369 2780 el
397 2741 505 2780 Karn
544 2745 582 2779 et
611 2739 739 2781 Ouadi
765 2745 800 2781 el
824 2744 939 2782 Harir
974 2739 1166 2797 (Gai111)‚
1202 2743 1239 2780 in
1277 2746 1406 2781 monte
1437 2742 1601 2790 Schergi
1634 2742 1700 2780 alt.
1729 2739 1880 2781 5000’

183 2799 261 2855 (Ky
289 2813 369 2841 eXS.
397 2800 425 2841 2
443 2799 486 2852 l).
513 2801 571 2839 Fi.
598 2802 804 2840 Mai.-Jun.
