2021 3235
1077 5 1163 50 834

331 104 430 141 Hab.
456 103 492 139 in
511 102 659 139 Tauria
679 102 730 139 ad
754 101 1044 150 Sympheropol
1067 99 1226 152 (SteV.),
1255 102 1292 139 in
1317 114 1430 151 prov,
1459 102 1690 140 Khorassan
1714 95 1871 155 (Bgel).

329 189 369 226 y.
408 167 620 223 ymbrem.
650 164 797 209 Caules
828 165 1009 222 glabrati
1044 165 1262 209 tenuiores
1296 166 1480 220 ramosi,
1523 166 1622 210 folia
1663 167 1831 212 minora
1870 169 1957 226 gla-

269 233 390 270 orata
417 225 555 269 lobata
580 225 644 267 vel
670 224 851 282 partita,
880 224 1007 268 flores
1035 224 1272 281 sulphurei.
1303 225 1354 269 A.
1394 225 1592 282 qlabrata
1628 226 1732 269 Alef.
1763 227 1844 270 loc.
1884 228 1953 271 cit.

262 300 310 342 ·p.
342 283 442 328 253.
472 284 507 327 A
535 285 790 340 slavovirens
823 290 863 325 et
897 283 950 327 A.
987 283 1022 326 T
1019 283 1244 326 abrisiana
1271 282 1403 328 Boiss.
1436 291 1475 328 et
1511 284 1649 328 Buhse
1683 285 1802 328 Aufz.
1833 299 1873 342 p.
1904 285 1960 329 44

269 344 348 387 sub
374 343 556 387 Althaeci.

327 417 428 454 Hab.
453 417 492 452 in
524 415 716 453 montanis
740 414 882 452 Persiae
912 414 998 452 bor.
1023 414 1062 451 in
1088 418 1217 451 monte
1243 414 1387 452 Elbrus
1412 426 1536 463 prope
1562 415 1745 453 Asadbar
1772 415 1852 464 (Ky
1877 429 1955 459 exs.

268 475 351 517 551
371 474 416 526 !)‚
442 476 479 512 in
506 474 709 523 provincia
733 473 979 522 Aderbidjan
1009 469 1221 526 (Buhsel).

324 635 347 657 ³¹*
379 634 402 656 ἥ
437 634 617 683 Cal-pella
640 635 716 671 late
743 634 1003 672 canaliculata
1022 638 1365 673 cano-tomentosa
1382 635 1454 672 alis
1480 635 1579 673 facie
1606 635 1797 684 superiori
1825 647 1899 672 non

1025 702 1193 750 rugosis

322 832 383 875 A.
411 828 671 874 Kurdica
697 828 922 884 (Schleclit.
956 829 1078 872 Linn.
1109 829 1236 883 XVII,
1265 845 1308 888 p.
1340 828 1423 872 1127
1452 829 1530 872 sub
1558 829 1745 886 Althoed)
1773 829 1957 874 breviter

265 887 718 940 tomentello-hirtula‚
749 888 869 930 caule
897 889 1006 931 elato
1036 889 1179 942 tenui,
1209 902 1378 932 racemo
1406 889 1499 932 laxo
1534 902 1645 945 saepe
1682 902 1852 932 ramoso
1880 903 1953 946 pa-

262 949 466 1001 niculmo,
496 946 606 990 soliis
633 946 759 989 infer.
792 946 1299 991 cordato-renisormibus
1327 947 1405 991 5-7
1434 947 1559 1000 lobis‚
1591 947 1811 990 floralibus
1837 947 1956 991 dimi-

266 1008 379 1051 nutis
413 1008 508 1064 plus
549 1005 693 1048 minus
735 1005 945 1062 profunde
986 1007 1331 1064 palmatipartitis
1374 1006 1540 1050 laciniis
1584 1006 1955 1064 lineari-oblongis

264 1073 386 1111 acute
413 1065 598 1109 crenatis
615 1100 624 1118 ,
654 1065 906 1122 pedunculis
935 1066 1074 1122 calyce
1103 1063 1372 1109 brevioribus
1389 1101 1398 1118 ‚
1427 1065 1636 1108 involucri
1664 1066 1805 1123 calyce
1831 1065 1955 1122 triplo

262 1125 473 1169 brevioris
515 1123 623 1166 lobis
667 1123 1027 1179 triangularihuS,
1057 1125 1212 1183 calycis
1243 1124 1517 1177 lanceolatis‚
1549 1124 1697 1181 petalis
1734 1123 1952 1176 violaceis,

263 1184 426 1228 semine
454 1183 605 1227 crebre
632 1183 968 1240 albo-pustuloso
996 1184 1047 1226 ad
1075 1184 1250 1227 dorsum
1279 1182 1654 1226 subcanaliculato.

320 1255 419 1293 Hab.
436 1256 472 1291 in
499 1254 785 1300 Mesopotamia
807 1253 907 1291 inter
928 1252 1023 1292 Orfa
1039 1259 1077 1291 et
1099 1254 1251 1292 Suerek
1276 1259 1313 1291 et
1339 1255 1376 1290 in
1403 1260 1532 1291 monte
1557 1252 1663 1291 Gara
1687 1253 1950 1291 Kurdistaniae

261 1327 380 1364 supra
407 1314 551 1352 Mossul
578 1310 662 1367 (Ky
690 1325 771 1350 exs.
797 1310 941 1364 5650,
967 1314 1004 1350 in
1030 1314 1276 1362 rupestribus
1300 1313 1514 1351 Antilibani
1539 1325 1658 1363 sup‘ra
1679 1313 1852 1351 Zebdani
1872 1312 1951 1363 (Ky

261 1368 452 1415 exs.›69!
476 1374 547 1412 sub
571 1372 614 1411 A.
640 1373 882 1423 ruse-scenti).

317 1440 364 1494 β.
394 1438 673 1483 Schirazana.
707 1437 915 1481 lnvolucri
943 1437 1169 1480 dimidium
1198 1437 1381 1495 calycem
1414 1437 1623 1494 aequantis
1658 1437 1742 1480 lobi
1781 1437 1950 1480 lanceo-

260 1499 348 1542 lati.
378 1498 431 1542 A.
461 1497 728 1541 Schirazana
755 1497 861 1540 Ales.
892 1497 972 1540 loc.
1005 1497 1076 1539 cit.

309 1573 418 1610 Hah.
444 1572 480 1609 in
507 1571 611 1618 agris
635 1570 780 1607 Persiae
802 1574 923 1608 austr.
949 1581 1072 1618 prope
1108 1569 1267 1607 Schiraz
1295 1573 1333 1607 et
1357 1559 1412 1606 ad'
1439 1569 1592 1607 radices
1634 1569 1774 1606 montis
1816 1567 1950 1607 Sabst-

261 1631 454 1670 Buschom
481 1631 561 1681 (Ky
585 1642 666 1667 exs.
693 1626 839 1682 4521),
866 1631 902 1667 in
928 1629 1065 1667 Persia
1089 1631 1171 1668 bor.
1197 1630 1247 1667 ad
1270 1630 1414 1666 Astara
1437 1624 1634 1680 (Buhse!)‚
1660 1628 1730 1666 sed
1753 1628 1948 1677 specimen

262 1696 407 1731 tantum
432 1691 644 1729 floriferum
671 1695 708 1728 et
732 1691 819 1728 ideo
851 1691 1053 1728 incertum.

375 1862 528 1905 SUBTP..
565 1863 614 1905 ll.
646 1861 862 1906 SIDEAE.
899 1888 954 1892 ——
984 1861 1122 1905 Ovum
1157 1861 1348 1918 pendula
1374 1861 1421 1903 in
1456 1860 1591 1903 loculo
1617 1860 1834 1903 solitaria.

979 2011 1243 2060 MALVELLA

675 2093 805 2155 (saut).
843 2097 882 2142 et
915 2093 986 2155 Sp.
1024 2092 1178 2141 illustr.
1209 2093 1277 2141 Or.
1310 2094 1355 2151 V,
1396 2108 1434 2154 p.
1470 2093 1560 2151 47).

321 2243 550 2286 Bracteolae
592 2241 671 2285 suh
713 2241 850 2298 calyce
894 2246 979 2282 tres
1020 2239 1181 2282 liberae.
1221 2236 1410 2296 Calyx'5
1451 2236 1575 2280 fidus.
1618 2235 1720 2294 Styli
1748 2234 1951 2290 distincti,

211 2304 215 2308 ’
262 2303 458 2359 stigmata
485 2300 860 2357 capitato-clavata.
891 2297 1081 2355 Carpella
1107 2297 1252 2340 inflata
1280 2296 1608 2340 membranacea
1646 2293 1953 2339 indehiscentia
2018 2320 2019 2323 =

263 2375 393 2427 supra
431 2367 573 2403 torum
611 2357 911 2402 brevissimum
952 2356 1314 2400 subinordinatim
1356 2355 1552 2412 capitata.
1598 2379 1657 2386 —
1696 2354 1839 2397 Herba
1875 2366 1952 2410 pe·
2017 2387 2020 2400 .

262 2434 424 2464 rennls.

320 2570 389 2614 M.
422 2565 823 2612 Sherardiana
850 2564 912 2620 (L.
945 2564 1013 2620 Sp.
1046 2578 1085 2620 p.
1119 2562 1233 2606 1675
1261 2562 1339 2606 sub
1366 2562 1530 2619 Malvd)
1559 2562 1760 2618 adpresse
1787 2568 1951 2605 tomen·
2014 2554 2018 2606 ἕ

263 2628 358 2671 tella
385 2627 541 2683 grisea,
571 2624 765 2668 caulibus
791 2622 1033 2666 numerosis
1061 2621 1282 2679 prostratis
1312 2621 1516 2674 ramosis,
1546 2621 1656 2664 soliis
1690 2620 1951 2664 cordato-re·
2014 2656 2017 2664 ,

262 2685 517 2730 niformibus
545 2684 733 2727 obsolete
759 2682 912 2726 lobatis
939 2681 1150 2734 crenatis,
1180 2680 1433 2738 pedunculis
1468 2679 1713 2723 axillaribus
1756 2677 1950 2723 solitariis

263 2744 533 2789 filiformibus
561 2742 715 2800 petiolo
757 2741 1048 2798 longioribuS,
1079 2739 1306 2783 bracteolis
1334 2739 1534 2783 brevibus
1575 2738 1769 2789 setaceis,
1799 2735 1949 2795 colycis
2012 2767 2015 2791 λ

264 2804 369 2847 lobis
397 2803 545 2855 ovatis,
575 2801 724 2858 petalis
752 2800 885 2843 roseis
913 2799 1103 2842 obovatis
1129 2798 1307 2855 integris
1333 2799 1472 2856 calyce
1499 2798 1628 2854 duplo
1668 2795 1946 2852 longioribus,
2012 2796 2015 2804 '
