2021 3235
865 40 949 83 8⁹27

2 143 5 162 ²
74 135 235 181 sissime
262 146 451 189 pannosa
478 133 663 189 leprosa,
692 132 811 174 caule
838 145 981 174 crasso
1008 130 1162 173 humili
1191 131 1279 173 basi
1311 145 1478 173 ramoso
1506 145 1599 173 mox
1629 131 1670 173 in
1690 146 1759 174 ra-

71 207 233 238 cemum
259 192 386 235 dense
414 190 610 234 foliosum
640 190 838 243 abeunti,
869 190 979 232 foliis
1008 203 1193 247 superne
1222 189 1389 245 rugosis
1419 189 1568 232 subtus
1596 190 1756 245 promi-

3 260 5 285 :
71 249 393 296 nenti-nervosis
422 264 442 292 a
470 249 560 292 basi
588 249 760 291 cordata
793 248 926 291 oratis
965 249 1027 291 vel
1063 247 1259 303 oblongis
1300 247 1436 290 acutis
1479 248 1757 290 inferioribus

3 315 5 327 ⁴
70 310 263 366 utrinque
297 308 458 351 minute
498 307 577 350 1-9
618 307 792 359 lohatis,
833 305 1083 363 pedunculis
1122 307 1261 362 calyce
1299 305 1565 362 longioribus
1599 306 1756 363 petiolo

4 395 5 424 y
70 367 357 417 brevioribus,
401 365 609 409 involucri
654 365 817 409 laciniis
859 366 946 408 fere
981 380 1004 408 a
1037 364 1128 408 basi
1172 364 1316 406 liberis
1358 364 1590 406 linearibus
1619 366 1756 422 calyce

3 440 6 472 t
71 427 220 471 triente
247 424 537 476 brevioribus,
577 425 683 468 lobis
710 424 913 482 calycinis
951 423 1286 476 triangularibus
1320 423 1479 474 acutis,
1509 422 1658 480 petalis
1690 437 1756 466 ro-

4 483 6 499 ²
72 486 150 529 seis
178 484 353 538 retusis,
383 483 579 540 carpellis
620 482 743 526 hirtis
773 477 1080 539 rugosissimis
1103 482 1231 525 dorso
1274 482 1424 524 obtuse
1462 481 1755 524 canaliculatis

4 564 6 573 ·
71 551 304 588 transverse
331 550 372 586 et
398 548 520 585 acute
557 541 723 598 rugosis
757 541 950 597 margine
978 541 1137 595 acutis,
1168 539 1404 583 seminibus
1440 539 1602 582 minute
1637 540 1754 583 albo-

70 601 292 660 pustulosis
329 609 387 652 26.

127 680 224 719 Hab.
262 680 299 717 in
339 679 476 718 Persia.
510 679 674 717 alstrali
700 690 823 727 prope
848 678 1016 726 Ispahan
1039 677 1180 727 (Auch.
1208 688 1294 715 exs.
1323 674 1481 726 8528),
1522 677 1558 712 in
1586 676 1753 713 collibus

6 758 7 765 1
69 752 189 789 prope
212 738 370 778 Sohiraz
398 737 478 789 (Ky
502 750 583 776 exs.
617 736 699 778 461
717 736 762 786 l),
787 739 824 775 in
858 738 1052 775 montibus
1084 748 1206 785 prope
1246 735 1353 773 Yezd
1379 735 1581 786 (Bulise!)‚
1610 735 1648 771 in
1674 734 1755 771 Aff-

48 834 50 836 ,
70 799 210 849 ghanifi
234 797 397 851 (Grifft).

128 865 281 904 Pedalis
321 865 378 902 vel
420 865 725 914 sesquipedalis,
762 864 915 902 habitus
950 863 1198 903 Momordicoe
1237 863 1407 901 elaterii.
1438 873 1615 900 racemus
1652 860 1756 899 foliis

6 956 8 985 t
72 926 215 964 crebris
239 925 356 973 longe
379 925 578 973 petiolatis
600 925 766 962 obsitus.

141 1097 201 1140 A.
234 1096 559 1152 sulphurea
594 1095 750 1150 (Boiss.
790 1102 829 1138 et
867 1095 1030 1138 Holien.
1063 1095 1212 1151 Diagn.
1251 1096 1340 1138 Ser.
1372 1096 1418 1149 l,
1453 1095 1568 1145 Vlll,
1599 1108 1638 1150 p.
1672 1093 1757 1137 108

72 1155 147 1198 sub
172 1154 357 1212 Acthoecz)
386 1153 576 1197 caulibus
604 1153 755 1197 erectis
782 1153 1034 1206 humilibus,
1065 1154 1174 1197 foliis
1203 1154 1403 1211 pannosis
1430 1153 1593 1196 flavidis
1611 1153 1754 1195 nervis

72 1213 216 1257 subtus
256 1212 595 1271 prominentibus
631 1213 762 1256 ovatis
804 1213 866 1255 vel
902 1212 1292 1256 ovato-orbiculatis
1320 1212 1482 1256 obtusis
1525 1212 1756 1255 crenulatis

72 1271 257 1315 indivisis
296 1272 358 1314 vcl
401 1271 588 1315 obsolete
633 1270 1022 1329 repando-Iobatis,
1066 1271 1344 1315 inferioribus
1372 1271 1461 1314 basi
1490 1270 1759 1314 subcordatis

72 1331 233 1374 caeteris
260 1330 350 1374 basi
380 1330 614 1373 rotundatis
643 1332 700 1373 vel
732 1330 941 1383 cuneatis,
970 1329 1147 1373 floribus
1174 1330 1425 1373 brevissime
1444 1329 1755 1387 pedunffulatis,

72 1389 273 1433 involucri
301 1389 483 1447 calycem
512 1389 719 1446 {equantis
747 1389 984 1447 calycisque
1013 1389 1175 1432 laciniis
1204 1389 1448 1432 lanceolatis
1491 1388 1648 1441 acutis,
1686 1402 1758 1444 pe-

71 1448 162 1492 talis
189 1448 429 1505 sulphureis
456 1447 635 1499 bssobis,
665 1448 858 1505 carpellis
886 1448 991 1491 facie
1034 1448 1193 1504 glabris
1236 1447 1404 1503 rugosis
1447 1448 1575 1491 dorso
1619 1454 1757 1490 trans-

71 1521 187 1550 verse
214 1507 379 1564 rugosis
407 1506 779 1550 subcanaliculatis
822 1507 873 1550 ad
910 1506 1099 1550 medium
1142 1507 1265 1550 hirtis
1290 1506 1482 1563 margine
1510 1505 1662 1557 acutis,
1691 1519 1757 1548 se-

73 1566 183 1609 mine
211 1566 390 1623 sparsim
418 1565 759 1623 albo-pustuloso
797 1573 833 1615 36
850 1601 856 1607 .

128 1646 227 1685 Hab.
251 1648 288 1683 in
313 1646 448 1685 Persia
469 1646 619 1684 boreali
653 1646 702 1684 ad
734 1646 886 1684 radices
927 1646 1065 1684 montis
1108 1646 1333 1684 Demavend
1375 1642 1459 1698 (Ky
1502 1657 1582 1682 exs.
1610 1642 1756 1695 6241),

71 1717 190 1754 prope
213 1705 414 1745 Schahrud
439 1705 538 1756 (Bge
554 1699 563 1743 !
580 1709 606 1752 ).

127 1770 171 1824 β.
201 1769 490 1812 microchz'ton.
531 1768 800 1811 Involucrum
829 1769 968 1826 calyce
997 1768 1175 1812 dimidio
1210 1768 1381 1811 brevius
1423 1767 1589 1811 laciniis
1622 1766 1758 1810 utrin-

71 1842 150 1885 que
177 1826 390 1871 interdum
430 1826 748 1871 obtusiusculis.
787 1827 928 1870 Petala
956 1827 1141 1871 violacea
1169 1828 1232 1869 vel
1261 1827 1507 1884 sulphurea.
1538 1829 1584 1868 A.
1617 1825 1759 1881 rhyti-

71 1900 197 1943 carpa
223 1886 392 1929 Trautv.
425 1885 467 1929 in
494 1884 645 1929 Sched.
676 1886 732 1943 pl.
764 1885 969 1929 Schrenk.

128 1957 227 1995 Hab.
252 1957 291 1994 in
314 1956 452 1994 Persia
474 1956 523 1993 ad
556 1955 691 1993 Kenar
722 1957 757 1994 el
783 1955 907 2004 Djerd
931 1956 1032 1994 inter
1058 1956 1227 2005 Ispahan
1255 1960 1291 1994 ct
1314 1955 1497 1994 Teheran
1522 1954 1623 2005 (Bge
1639 1954 1648 1992 l
1664 1956 1691 2002 ),
1719 1955 1759 1991 in

72 2028 179 2065 prov,
204 2016 431 2054 Khorassan
457 2015 557 2053 inter
581 2014 783 2054 Schahrud
810 2020 848 2053 et
870 2015 1094 2064 Nischapur
1112 2016 1212 2065 (Bge
1229 2015 1270 2064 1),
1296 2016 1331 2052 in
1360 2015 1569 2063 Affghania
1593 2011 1759 2065 (Grifft).

129 2083 270 2121 Forma
295 2087 430 2132 praeter
453 2082 692 2120 involucrum
720 2083 898 2121 omnibus
923 2083 1025 2120 notis
1053 2088 1148 2131 typo
1177 2083 1328 2120 similis.

129 2149 202 2190 Ar.
234 2149 396 2201 Geogr.
430 2148 634 2201 Songaria.

349 2315 371 2338 *ὲ
405 2315 426 2337 ÷÷
458 2315 570 2354 Folia
596 2320 768 2354 tomento
792 2317 900 2355 brevi
929 2317 1057 2354 obsita
1081 2317 1141 2354 vel
1168 2316 1469 2364 glabrescentia.

307 2449 335 2500 †
367 2449 523 2499 Calycis
547 2450 696 2488 laciniae
720 2449 1057 2497 longitudinaliter
1083 2453 1120 2486 et
1147 2449 1326 2487 clevatim
1353 2449 1516 2486 lineatae.

130 2584 189 2628 A.
222 2586 446 2630 acaulis
475 2585 644 2642 (Cavan.
677 2585 852 2628 Dissert.
884 2586 937 2638 ll,
969 2585 1054 2628 tab.
1087 2583 1160 2634 27,
1190 2585 1246 2640 lig
1293 2583 1319 2627 3
1352 2584 1431 2626 suh
1472 2583 1658 2641 Althaea)
1699 2591 1758 2627 te-

75 2641 213 2685 nuiter
253 2643 709 2696 tomentoso-cinerea‚
739 2644 897 2687 acaulis
924 2645 986 2686 vel
1029 2644 1150 2687 caule
1193 2643 1309 2686 brevi
1353 2657 1375 2685 a
1418 2643 1506 2685 basi
1540 2642 1754 2696 florifero,

74 2698 182 2742 soliis
208 2701 329 2756 longe
357 2702 566 2758 petiolatis
604 2702 909 2746 reniformibus
936 2702 1120 2745 cordatis
1147 2701 1333 2745 crenatis
1361 2701 1577 2745 interdum
1607 2701 1758 2745 obtuse

75 2756 101 2799 5
126 2758 246 2812 lobis,
276 2760 525 2816 pedunculis
553 2763 690 2819 calyce
731 2761 1022 2813 brevioribus,
1062 2761 1281 2804 involucro
1310 2761 1448 2818 calyce
1491 2759 1617 2817 triplo
1659 2759 1756 2802 bre—

76 2815 203 2864 viore,
233 2818 384 2877 calycis
412 2819 518 2863 lobis
546 2821 789 2864 lanceolatis
817 2820 974 2873 acutis,
1006 2820 1153 2877 petalis
1187 2819 1319 2862 roseis
1347 2818 1500 2862 retusis
1521 2854 1530 2872 ‚
1560 2818 1755 2876 carpellis
