2021 3235
1027 94 1114 138 384

226 186 377 230 mentis
417 186 605 230 obovatis
646 186 857 229 terminali
903 186 1053 242 maiori
1071 221 1080 238 ,
1124 184 1356 241 segmentis
1400 184 1600 228 foliorum
1643 185 1916 241 superiorum

223 246 456 289 linearibus
485 245 700 298 brevibus,
730 244 881 301 sepalis
908 244 1083 300 glabris,
1114 244 1278 286 silicula
1305 242 1535 299 hispidum,
1574 244 1712 286 loculo
1741 243 1917 287 incurvo

225 305 342 362 apice
371 304 413 346 in
441 305 548 346 alam
578 303 781 346 linearem
809 310 1047 345 truncatam
1077 316 1126 345 eo
1155 316 1239 344 non
1269 302 1463 344 latiorem
1491 302 1667 344 abeunti
1700 308 1767 353 Θ.

285 376 385 417 Hab,
411 376 446 411 in
473 373 666 412 umbrosis
693 373 836 410 Persiae
859 373 1042 410 australis
1067 372 1117 409 ad
1137 371 1301 409 Daleehi
1328 374 1365 408 et
1388 370 1490 409 Gere
1514 371 1596 421 (Ky
1623 383 1704 409 exs.
1732 370 1788 411 67
1805 370 1813 409 !
1830 371 1858 421 ).

285 435 423 472 Planta
448 438 582 471 tenera
607 444 761 469 ramosa
786 432 1036 480 semipedalis
1070 431 1173 468 foliis
1204 430 1284 468 fere
1322 430 1536 469 Valerianoe
1560 431 1718 478 dioicae,
1757 423 1922 469 siliculae

229 492 301 534 7-8
326 495 449 531 lineas
473 494 612 540 longae,
634 491 733 528 infra
768 491 937 529 loculum
961 490 1104 538 angulo
1131 489 1213 528 fere
1238 494 1347 528 recto
1375 495 1577 529 curvatum
1605 494 1749 528 teretes
1775 502 1920 529 vacuae.

283 651 321 693 1.
355 649 645 704 ruqulosa
685 646 849 701 (ssunge
876 645 919 686 in
946 645 1048 700 litt.)
1092 644 1369 699 glaberrima,
1409 645 1528 687 caule
1556 658 1579 687 a
1606 644 1697 686 basi
1726 657 1920 696 ramoso,

226 708 337 751 foliis
365 706 620 749 radicalibus
647 704 865 748 sessilibus
892 702 1087 759 oblongis
1115 703 1204 745 basi
1240 703 1467 746 attenuatis
1500 702 1921 759 repando-dentatis,

227 766 405 809 caulinis
433 764 577 822 paucis
603 763 836 805 linearibus
864 761 1070 814 minimis,
1098 761 1316 818 pedicelli's
1348 761 1545 815 hirtellis,
1576 762 1718 819 calyce
1755 761 1921 817 glabro,

229 825 392 868 silicula
419 823 583 878 glabra,
626 822 762 865 loculo
803 821 1070 863 tuberculato
1114 833 1270 875 rugoso
1308 820 1484 863 incurvo
1522 820 1565 862 in
1604 821 1714 863 alam
1755 821 1925 876 planam

230 888 632 926 truncato-retusam
661 894 709 922 eo
738 879 931 922 latiorem
960 878 1134 921 abeunti
1167 884 1234 929 Θ.

289 946 387 983 Hab.
413 946 450 981 in
476 944 610 981 Persia
636 945 734 979 inter
757 942 928 979 Kerman
954 945 992 978 et
1016 940 1122 977 Yezd
1142 944 1180 978 et
1203 941 1302 978 inter
1318 940 1428 978 Yezd
1453 944 1491 979 et
1516 940 1685 989 Ispahan
1708 937 1920 993 (Bungel).

290 1004 458 1050 Pedalis,
492 1003 644 1040 silieula
670 1002 816 1039 minuta
840 1004 1006 1048 angusta
1031 1000 1094 1036 vix
1118 998 1144 1039 5
1169 1000 1292 1037 lineas
1328 1002 1471 1049 longa3
1496 1000 1624 1037 differt
1656 1012 1678 1036 a
1712 1001 1922 1047 speciebus

229 1063 540 1112 praecedentibus
574 1062 700 1099 loculo
737 1061 921 1108 ruguloso
949 1064 986 1096 et
1016 1061 1221 1097 transitum
1244 1061 1393 1108 praebet
1417 1060 1468 1097 ad
1492 1058 1764 1108 Schimperam
1791 1059 1921 1097 loculo

232 1127 434 1161 CI'UStaCOO
460 1133 532 1159 nec
555 1121 852 1158 membranaceo
878 1119 1078 1156 donatam.

933 1283 1223 1331 SCHIMPERA

231 1369 416 1429 (Hochst.
453 1372 492 1415 ct
528 1367 588 1413 St.
622 1366 663 1412 in
700 1365 812 1412 Endl.
849 1365 948 1412 Gen.
988 1364 1089 1411 889.
1128 1392 1187 1397 —
1224 1363 1391 1410 Traillia
1435 1362 1562 1409 Lindi.
1600 1363 1639 1409 in
1675 1362 1789 1409 Enill.
1824 1361 1920 1410 Gen.

912 1445 1034 1506 Suppl
1085 1444 1241 1506 1419).

290 1598 411 1656 Calyx
440 1606 587 1656 patens
614 1598 704 1641 basi
733 1598 923 1654 requalis.
956 1597 1095 1639 Petala
1113 1596 1292 1653 aequalia
1311 1596 1493 1652 integra.
1525 1597 1761 1640 Filamenta
1787 1597 1920 1640 libera

233 1657 445 1700 edentula.
491 1658 661 1701 Silicula
687 1656 958 1699 indehiscens
985 1657 1123 1698 loculo
1151 1662 1272 1697 ovato
1300 1662 1518 1698 crustaceo
1547 1656 1922 1699 serobiculato-tu-

233 1716 450 1759 bercuiato
494 1722 630 1759 rostro
674 1716 798 1771 longo
840 1714 1256 1771 lineari-compresso
1302 1721 1516 1770 snperato.
1563 1713 1714 1758 Semen
1746 1715 1919 1758 unicum

233 1775 482 1831 pendulum.
530 1774 806 1831 Cotyledones
835 1773 1129 1816 incumbentes
1157 1786 1366 1815 concavae.
1397 1798 1455 1804 —
1481 1773 1634 1816 Herbee
1663 1787 1815 1816 annuae
1842 1774 1920 1817 flo-

234 1833 353 1875 ribus
373 1833 560 1876 minimis
579 1832 719 1885 luteis,
749 1831 929 1874 racemis
957 1831 1186 1874 fructiferis
1212 1831 1350 1886 longis
1375 1831 1685 1885 crassiusculis,
1705 1831 1920 1890 pedicellis

232 1891 434 1934 brevibus
466 1890 725 1934 incrassatis.
772 1890 913 1934 Genus
954 1890 1006 1932 ab
1047 1889 1225 1933 Isatidts
1266 1889 1452 1932 sectione
1493 1890 1741 1946 Apterolobo
1783 1891 1919 1933 loculo

233 1949 349 1992 brevi
377 1959 593 1992 crustaceo
620 1963 699 1991 nec
726 1949 921 2004 elongato
949 1948 1128 2005 fungoso
1156 1961 1210 1991 an
1238 1947 1338 1991 satis
1357 1947 1622 1991 distinctum.

290 2091 341 2135 S.
366 2090 619 2135 Arabica
652 2087 844 2143 (Hochst.
876 2095 916 2131 et
943 2088 1000 2131 St.
1033 2088 1076 2130 in
1103 2087 1290 2144 Schimp.
1322 2088 1378 2144 pl.
1410 2088 1537 2131 Arab.
1570 2091 1675 2143 exs.)
1702 2087 1919 2145 papillari-

231 2149 415 2202 hirtella‚
445 2147 554 2190 foliis
581 2146 773 2202 oblongis
801 2147 981 2189 dentatis
999 2147 1062 2189 vel
1081 2145 1610 2202 runcinato-pinnatifidis,
1639 2146 1817 2190 caulinis
1844 2160 1918 2189 an-

232 2214 352 2264 guste
378 2206 611 2250 linearibus
640 2205 729 2248 basi
757 2204 1236 2261 auriculam-sagittatis,
1280 2204 1454 2261 siliculis
1486 2205 1828 2263 homomorpbis,
1856 2206 1918 2248 lo-

233 2267 327 2309 culo
355 2272 476 2309 ovato
503 2264 620 2307 valde
646 2263 911 2306 tuberculato
928 2299 937 2317 ‚
968 2270 1105 2306 rostro
1132 2264 1250 2306 valde
1277 2262 1451 2320 obliquo
1488 2264 1627 2307 loculo
1664 2264 1790 2321 triplo
1824 2264 1918 2307 lon-

261 2324 339 2367 iori
374 2330 440 2375 O.

231 2339 254 2381 ἓ
292 2387 393 2424 Hab.
420 2387 458 2423 in
486 2385 641 2423 deserto
667 2384 822 2422 Arabiae
845 2387 989 2432 petreae
1015 2381 1205 2437 (Schimp.
1231 2396 1311 2422 exs.
1337 2380 1451 2423 244!
1489 2383 1658 2437 Boiss!)‚
1685 2384 1849 2433 Assyria
1871 2385 1920 2422 ad

234 2446 473 2494 Euphratem
502 2441 671 2494 (Ohesn!
690 2442 718 2493 ).

294 2505 433 2542 Planta
473 2502 579 2544 8-12
613 2502 831 2551 pontem-is,
859 2503 1001 2540 racemi
1029 2502 1219 2540 fructiferi
1242 2503 1362 2552 rigidi
1387 2501 1465 2543 4-6
1490 2503 1725 2552 pollicareS,
1752 2505 1920 2540 rostrum

233 2560 373 2617 2¹s2-5
398 2564 522 2601 lineas
547 2564 705 2610 longum
730 2562 872 2598 lineam
898 2562 1101 2599 dimidium
1125 2563 1264 2599 latum.

286 2621 336 2675 ‘15-
369 2619 619 2675 lasiocarpa.
651 2615 822 2659 Silicula
849 2616 979 2660 dense
1005 2616 1389 2674 papilloso-lanata.

292 2683 396 2721 Hab.
431 2683 469 2719 in
494 2682 649 2719 deserto
674 2680 773 2716 inter
797 2679 926 2717 Nuckl
951 2684 989 2717 et
1011 2679 1119 2717 Gaza
1144 2675 1339 2734 (Boisst).

290 2811 342 2855 S.
360 2811 598 2857 Persica
615 2807 762 2864 (Boiss.
795 2806 838 2848 in
867 2806 925 2863 ΚΥ
954 2807 1011 2862 pl.
1033 2820 1116 2849 exs.
1141 2804 1334 2849 11845.—
1351 2805 1499 2862 Diagn.
1523 2805 1611 2850 Ser.
1639 2806 1670 2860 Ι,
1691 2806 1762 2859 Vl,
1783 2819 1824 2862 p.
1847 2804 1919 2861 18)

235 2868 631 2927 papillari-hirtella‚
671 2864 780 2908 foliis
811 2863 1155 2907 lato-linearibus
1183 2864 1555 2908 sinuato-dentatis
1581 2865 1645 2908 vel
1673 2863 1918 2908 runcinato-
