2021 3235
1027 98 1113 143 908

215 182 461 240 perioribus
489 184 695 240 elongatis
722 185 823 228 folia
852 186 1224 244 subaequantibus,
1253 185 1364 230 foliis
1391 186 1584 231 carnosis
1602 186 1727 231 infer.
1749 186 1776 231 3
1794 202 1920 245 supe-

219 241 407 285 rioribus
435 241 455 285 l
489 242 705 296 foliolatis,
735 243 892 300 petiolo
920 246 1060 299 tereti,
1089 245 1243 289 foliolis
1271 245 1466 302 oblongis
1483 245 1729 303 cylindricis
1756 246 1921 291 obtusis

216 301 543 353 mucronulatis,
572 302 725 359 sepalis
752 303 1119 360 ovato-oblongis,
1159 304 1308 361 petalis
1336 303 1469 347 roseis
1497 305 1636 362 calyce
1663 305 1797 362 duplo
1825 306 1920 349 lon-

213 358 407 424 gioribus
430 394 438 412 ,
483 360 726 416 pedunculo
770 375 949 405 recurvo
991 363 1165 420 capsula
1205 363 1451 406 tomentella
1491 363 1695 420 depressa
1739 364 1920 407 sublon-

216 431 339 474 giore
366 425 403 467 5.

276 489 379 528 Hab.
406 490 444 527 in
466 492 644 528 arenosis
668 491 784 529 vallis
806 492 931 530 Biban
954 493 989 529 el
1016 492 1176 532 Molouk
1198 504 1322 542 prope
1347 493 1508 532 Thebas
1534 494 1572 531 in
1599 493 1779 543 AEgypto
1802 506 1916 543 supe—

217 549 320 588 riore
345 547 541 601 (Boissl).
569 550 630 589 Fi.
656 550 770 589 Mart.

291 617 325 655 A
350 617 390 655 F.
414 617 584 658 Arabica
609 619 807 666 glabritie,
832 620 956 667 spinis
975 623 1014 658 et
1037 619 1269 665 internodiis
1295 621 1552 667 brevissimis,
1575 620 1722 660 foliolis
1744 622 1919 660 carnosis

217 677 410 716 teretibus
435 678 698 716 obtusissimis
724 677 920 717 distincta.

276 835 331 877 F.
359 846 604 879 acerosa
631 834 781 891 (Boiss.
814 834 961 890 Diagn.
984 834 1074 878 Ser.
1096 835 1129 888 I,
1149 834 1261 888 VIII,
1279 849 1320 891 p.
1343 834 1463 889 124),
1483 835 1762 891 glaberrima,
1785 835 1916 879 ramis

215 892 545 936 ascendentibus
571 892 832 949 gracilibus,
877 893 1131 937 internodiis
1159 892 1392 949 elongatis,
1439 893 1573 951 spinis
1599 893 1739 951 longis
1766 900 1916 952 paten-

216 951 326 994 tibus
354 951 454 994 solia
479 952 613 995 multo
639 951 942 1009 superantibus
970 951 1214 995 internodia
1240 952 1537 1009 aequantibus,
1577 952 1688 996 foliis
1715 952 1916 996 omnibus

217 1009 494 1063 trifoliolatis,
534 1010 691 1067 petiolo
717 1010 872 1054 foliolis
899 1010 1134 1054 linearibus
1162 1010 1357 1067 margine
1385 1011 1622 1055 convolutis
1649 1011 1786 1055 acutis
1813 1012 1914 1056 sub-

215 1068 435 1121 breviore,
475 1069 628 1126 sepalis
665 1068 937 1126 glaberrimis
973 1068 1241 1123 lanceolatis,
1270 1069 1420 1127 petalis
1447 1069 1582 1114 roseis
1609 1071 1733 1127 longe
1761 1071 1914 1128 ungui-

215 1127 367 1171 culatis
394 1128 533 1185 calyce
560 1127 686 1185 triplo
712 1127 999 1185 longioribus,
1029 1127 1173 1172 ovario
1200 1127 1404 1182 velutino,
1433 1129 1661 1187 capsula...
1701 1136 1763 1179 26.

276 1198 375 1237 Hab.
402 1198 439 1235 in
465 1198 601 1236 Persia
624 1198 788 1236 australi
820 1199 920 1235 inter
943 1198 1125 1247 Djavoun
1153 1201 1190 1236 et
1215 1198 1346 1247 Darap
1371 1193 1519 1254 (Auch.
1547 1210 1628 1238 eXS.
1662 1196 1782 1239 4206
1808 1200 1839 1238 Β
1856 1198 1864 1238 !
1881 1199 1909 1251 ).

275 1267 416 1305 Differt
440 1279 462 1305 a
495 1267 536 1305 F.
562 1266 731 1307 Arabica
767 1267 885 1305 ramis
918 1267 1193 1314 gracilioribus
1224 1267 1379 1306 tenuius
1411 1268 1558 1306 striatis
1592 1280 1669 1307 non
1701 1269 1910 1318 angulatis,

216 1328 344 1377 spinis
365 1328 590 1376 patentibus
617 1339 689 1366 nec
718 1327 884 1375 erectis,
911 1326 1056 1365 foliolis
1081 1327 1315 1375 convolutis,
1341 1327 1483 1376 petalis
1508 1328 1627 1377 duplo
1654 1328 1909 1378 longioribus.

277 1483 332 1526 F.
360 1483 689 1538 parviflora
716 1482 869 1539 (Boiss.
900 1483 1048 1539 Diagn.
1081 1483 1171 1526 Ser.
1194 1484 1228 1536 I,
1256 1483 1367 1536 VIII,
1395 1498 1436 1540 p.
1459 1482 1561 1540 124)
1591 1489 1748 1540 praeter
1774 1491 1912 1540 partes

213 1540 409 1598 juniores
436 1541 514 1584 sub
541 1541 652 1584 lente
679 1541 1193 1599 pruinoso-glandulosas
1220 1542 1389 1598 glabra,
1419 1542 1595 1585 dumosa
1626 1540 1913 1585 ramosissima

219 1600 348 1643 ramis
376 1600 705 1643 ascendentibus
738 1601 799 1643 vel
838 1600 1014 1655 erectis,
1053 1600 1305 1644 internodiis
1343 1600 1505 1657 longis,
1543 1600 1675 1658 spinis
1712 1600 1912 1643 tenuibus

217 1658 584 1716 subinaequalibus
611 1658 710 1702 folia
737 1660 893 1716 saepius
912 1659 1231 1717 superantibus,
1252 1659 1362 1703 foliis
1389 1659 1589 1702 omnibus
1616 1658 1909 1713 unifoliolatis,

220 1717 375 1774 petiolo
404 1718 536 1771 brevi,
569 1718 710 1761 foliolo
738 1718 866 1775 plano
893 1719 1304 1762 lineari-lanceolam
1332 1718 1519 1762 breviter
1546 1725 1587 1761 et
1621 1717 1791 1775 oblique
1820 1732 1914 1760 mu-

218 1783 420 1829 cronato,
463 1776 617 1833 sepalis
646 1776 860 1833 papillosis
888 1777 1075 1820 breviter
1101 1777 1371 1830 lanceolatiS,
1418 1777 1566 1833 petalis
1593 1775 1748 1834 pallide
1778 1776 1912 1820 roseis

217 1836 355 1892 calyce
383 1835 511 1891 duplo
539 1835 823 1891 longioribus,
852 1837 1093 1893 pedunculo
1121 1836 1284 1879 deflexo
1314 1836 1428 1878 tenui
1457 1837 1628 1893 capsula
1656 1835 1766 1878 hirta
1784 1835 1912 1892 duplo

218 1894 411 1951 longiore
439 1902 475 1944 5.

275 1966 376 2004 Hab.
404 1966 442 2003 in
465 1967 642 2004 arenosis
665 1967 715 2004 ad
748 1970 968 2005 cataractas
993 1966 1073 2004 Nili
1100 1967 1139 2004 in
1164 1966 1343 2016 AEgypto
1370 1966 1563 2015 superiori
1586 1977 1709 2014 prope
1745 1965 1913 2014 Syenem

217 2029 256 2062 et
285 2024 404 2063 Philae
431 2025 585 2075 (Boissl
613 2017 912 2076 Kralikl).F1.
937 2025 1049 2064 Mart.

279 2093 428 2130 Dumus
454 2093 555 2129 latus
591 2092 742 2140 pedalis
778 2094 839 2129 vel
875 2092 1162 2141 sesquipedalis
1203 2093 1321 2130 ramis
1357 2092 1553 2141 primariis
1579 2092 1664 2130 basi
1689 2092 1912 2140 prostratis,

214 2154 337 2201 spinae
360 2150 464 2192 6-11
495 2152 619 2189 lineas
638 2153 778 2202 longae,
805 2151 940 2190 foliola
963 2153 1115 2201 majora
1136 2150 1215 2192 6-8
1240 2153 1364 2189 lineas
1390 2152 1519 2201 longa,
1546 2151 1663 2190 flores
1688 2151 1815 2200 parvi,
1842 2163 1915 2200 pe-

215 2212 295 2249 tala
326 2218 458 2250 erecta
490 2223 562 2250 nec
589 2212 778 2260 patentia.
816 2211 956 2250 Facies
983 2212 1023 2251 F.
1051 2211 1210 2251 Olivierz‘
1231 2224 1254 2249 a
1286 2213 1364 2261 qua
1390 2212 1507 2249 ramis
1532 2210 1721 2250 teretibus
1760 2207 1914 2250 striatis

216 2283 288 2309 nec
313 2271 700 2319 tetragono—sulcatis
725 2272 856 2309 statim
881 2271 1145 2321 distinguitur.

277 2340 316 2377 F.
344 2339 505 2378 Persica
528 2351 593 2377 Dc.
619 2339 755 2377 Prodr.
781 2339 818 2384 Ι,
853 2352 892 2388 p.
922 2337 1009 2379 704
1035 2340 1084 2378 ad
1117 2340 1269 2378 iconem
1295 2339 1507 2379 Burmanni
1535 2339 1595 2376 Fi.
1624 2338 1708 2375 Inzl.
1734 2338 1816 2376 tab.
1843 2335 1914 2387 54,

214 2401 279 2448 fig.
308 2398 344 2446 1,
374 2399 532 2438 condita
559 2402 617 2436 est
639 2399 773 2446 planta
798 2399 914 2437 valde
937 2399 1054 2438 dubia
1071 2412 1093 2437 a
1115 2400 1156 2438 F.
1176 2399 1394 2450 parvislord
1412 2397 1514 2436 foliis
1530 2398 1668 2446 ovatis,
1688 2397 1811 2445 spinis
1829 2399 1914 2436 bre-

218 2459 330 2497 vibus
356 2467 394 2496 et
420 2459 636 2507 praesertim
662 2459 881 2506 pedunculo
918 2458 1012 2497 folio
1049 2459 1229 2508 longiore
1254 2458 1477 2497 discedens.
1511 2458 1661 2497 Forsan
1698 2457 1773 2494 illae
1812 2460 1915 2495 notae

217 2523 365 2556 tantum
390 2532 435 2557 ex
461 2519 572 2556 icone
600 2517 829 2566 imperfecta
854 2519 1025 2556 oriundae
1051 2524 1088 2557 et
1124 2523 1213 2558 tunc
1239 2518 1320 2557 haec
1344 2517 1498 2565 species
1523 2518 1572 2555 ad
1594 2517 1634 2555 F.
1661 2516 1915 2567 porvisloram

219 2578 426 2616 referenda
451 2582 566 2615 esset.

277 2642 322 2693 β.
352 2640 554 2683 Auchcri.
597 2640 699 2682 Tota
737 2640 815 2682 sub
845 2640 954 2682 lente
983 2639 1478 2696 pruinoso-glandulosa.
1527 2639 1671 2682 Flores
1708 2638 1911 2682 minores.

220 2698 269 2741 F.
300 2700 487 2742 Aucheri
515 2697 646 2741 Boiss.
679 2698 827 2754 Diagn.
859 2697 948 2742 Ser.
983 2699 1014 2752 I,
1047 2700 1076 2753 l,
1106 2714 1148 2756 p.
1182 2698 1252 2742 (52.

282 2771 381 2807 Hah.
408 2771 444 2807 in
473 2769 608 2806 Persia
628 2769 787 2806 australi
815 2770 863 2806 ad
889 2769 1044 2806 Bender
1070 2770 1225 2817 Abassy
1248 2763 1335 2823 (Ky
1362 2780 1443 2806 eXS.
1470 2765 1589 2807 4208
1607 2767 1638 2805 A
1656 2762 1698 2819 I).

282 2836 358 2875 Ar.
384 2836 548 2887 Geogr.
568 2837 697 2875 Nubia
722 2837 819 2883 (Ky.
851 2850 931 2876 exs.
956 2834 1067 2878 512!
1099 2839 1170 2876 sub
1193 2838 1232 2876 F.
1251 2836 1451 2888 Arabica),
1473 2837 1685 2886 Abyssixiia
1719 2835 1909 2889 (Schimp.

225 2910 304 2935 mis.
329 2895 447 2939 2186
472 2899 542 2935 sub
568 2897 607 2934 F.
636 2896 819 2944 Cretica).
