2021 3235
945 173 1029 216 679

732 314 752 370 }
783 312 824 356 5.
861 314 1245 357 Minuartieae.

862 430 885 451 ἃ
918 431 1126 468 Perennes.

773 547 804 598 †
836 545 983 596 Sepala
1018 547 1217 585 trinervia.

205 654 266 696 A.
295 653 708 708 leucocephala
734 652 882 707 (Boiss.
920 652 1070 708 Diagn.
1102 652 1192 696 Ser.
1227 653 1258 705 1,
1291 652 1321 704 l,
1351 667 1392 708 p.
1423 650 1497 704 45>
1531 658 1615 694 tota
1647 652 1837 697 cinereo-

147 711 331 753 velutina
357 709 581 767 cespitosa‚
619 711 853 754 caudiculis
881 711 1080 754 tenuibus
1107 710 1355 768 prostratis,
1393 710 1523 753 ramis
1551 710 1749 753 floriferis
1779 720 1837 755 te-

147 769 301 812 nuibus
328 769 592 825 simplicibus
619 769 779 812 foliosis
807 770 1153 822 ascendentibus,
1182 773 1303 827 cyma
1330 768 1633 825 capituliformi
1660 769 1838 814 ssoribus

146 827 392 871 brevissime
412 827 686 883 pedicellatis‚
716 827 826 871 foliis
854 828 1060 871 subulatis
1086 828 1177 871 basi
1206 827 1421 870 trinerviis
1449 827 1620 870 sulcatis
1656 829 1838 871 acutius-

146 886 251 929 culis
277 900 398 929 secus
426 899 565 928 ramos
594 886 759 929 steriles
787 886 930 929 stricte
958 886 1231 939 fasciculalis,
1262 886 1415 942 sepalis
1441 886 1565 928 hirtis
1592 886 1836 930 lanceolatis

146 945 278 987 acutis
304 944 510 988 viridibus
538 945 599 987 vel
628 945 803 988 rubellis
830 945 1022 1000 margine
1049 945 1351 988 albo-scarioso
1379 945 1439 987 eis
1472 944 1693 987 sublatiori
1713 981 1722 997 ,
1762 960 1834 1001 pe-

147 1003 238 1046 talis
269 1004 714 1059 oblongo-lanceolatis
742 1003 1014 1046 acutiusculis
1041 1004 1131 1047 basi
1160 1004 1387 1047 attenuatis
1415 1004 1554 1060 calyce
1582 1004 1708 1059 paulo
1742 1004 1835 1047 bre-

145 1062 351 1115 vioribus,
380 1063 642 1118 capsula.....
684 1070 743 1110 26.

196 1133 296 1171 Hab.
332 1133 370 1169 in
406 1133 562 1181 pascuis
600 1133 753 1169 saxosis
784 1133 925 1180 alpinis
951 1132 1075 1170 Gariae
1099 1133 1134 1170 in
1162 1136 1291 1169 monle
1315 1131 1462 1170 Cadmo
1485 1144 1604 1180 supra
1627 1131 1832 1171 Colossam

139 1187 319 1244 (Boissl),
346 1192 478 1240 Lyciae
500 1193 538 1229 in
564 1196 692 1229 monte
716 1191 885 1240 Akdagh
909 1190 1065 1244 (Bourg.
1094 1204 1174 1230 exs.
1197 1190 1254 1230 52
1272 1189 1299 1243 !)
1315 1219 1326 1240 ‚
1353 1192 1509 1230 Pisidiae
1532 1193 1569 1229 in
1597 1196 1726 1230 monte
1752 1193 1829 1230 Da-

137 1248 544 1315 vrosdagh(Hel‹l1;!).
572 1251 630 1289 Fl.
657 1252 733 1289 Jul.

194 1318 306 1356 Rami
331 1317 406 1357 5-4
428 1318 663 1368 pollicnres,
699 1318 794 1356 folia
824 1317 900 1358 2-5
933 1318 1056 1355 lineas
1079 1319 1215 1366 longa,
1255 1318 1427 1366 capitula
1456 1318 1635 1355 avellana
1667 1319 1827 1357 dimidio

136 1377 308 1426 minora,
339 1379 473 1426 sepala
498 1374 658 1432 2-272
683 1378 806 1416 lineas
829 1379 972 1426 longa,
1000 1378 1172 1416 ovarium
1196 1375 1272 1418 6-8
1299 1378 1509 1415 ovulatum.
1537 1377 1698 1426 Species
1720 1379 1827 1416 indu-

135 1442 278 1483 mento,
304 1438 464 1476 floribus
491 1438 691 1486 capitatis,
731 1437 857 1475 forma
882 1438 1101 1486 petalorum
1125 1438 1225 1475 inter
1247 1437 1382 1475 affines
1406 1437 1521 1475 facile
1543 1438 1826 1486 dignoscenda.

192 1575 254 1618 A.
283 1576 736 1631 erythrosepala
778 1575 938 1632 (Boiss.
970 1575 1120 1631 Diagn.
1152 1574 1241 1618 Ser.
1274 1575 1306 1626 1,
1337 1574 1450 1627 VIII,
1479 1589 1521 1631 p.
1553 1574 1635 1630 98)
1679 1575 1825 1630 glabra

135 1633 197 1674 vel
224 1633 397 1686 hirtula,
427 1634 557 1676 dense
585 1634 811 1690 cespitosa‚
848 1634 976 1677 ramis
1004 1633 1276 1677 filiformibus
1304 1633 1560 1676 abbreviatis
1589 1647 1757 1690 cymose
1786 1643 1825 1677 et

135 1691 403 1734 densiuscule
431 1692 698 1749 paucissoriS‚
737 1693 848 1735 foliis
882 1693 1078 1736 subulalo
1095 1719 1109 1723 -
1126 1692 1303 1735 setaceis
1330 1691 1544 1735 trinerviis
1572 1692 1734 1735 obtusis
1761 1694 1824 1735 vel

135 1751 459 1804 muffl‘onulalis,
503 1752 644 1808 calyce
687 1751 836 1807 glabro
877 1753 941 1794 vel
981 1752 1059 1794 sub
1102 1752 1213 1793 lente
1250 1751 1409 1793 hirtulo
1446 1750 1597 1807 sepalis
1633 1750 1826 1806 oblongis

136 1809 271 1853 acutis
299 1810 427 1853 fascia
451 1810 575 1853 viridi
603 1809 860 1852 subtrinervi
892 1810 1072 1865 marg-ini
1103 1810 1265 1853 rubello
1293 1809 1514 1865 aequilata,
1557 1808 1705 1865 petalis
1749 1811 1825 1852 ob-

136 1868 273 1924 longis
299 1870 439 1926 calyce
466 1870 591 1926 paulo
619 1868 902 1925 longioribus,
932 1869 1103 1925 capsula
1130 1872 1248 1911 ovata
1276 1869 1414 1925 calyce
1442 1867 1727 1919 subbreviori‚
1762 1883 1826 1911 se-

136 1927 323 1970 minibus
352 1927 918 1971 muriculalo-tuberculatis
961 1935 1021 1975 26.
1067 1927 1119 1969 A.
1150 1933 1307 1970 setacea.
1333 1940 1420 1968 var.
1448 1926 1673 1982 pubescens
1701 1927 1825 1969 Fenzl

136 1985 178 2028 in
207 1986 360 2029 Ledeb.
393 1986 452 2028 Fl.
485 1987 608 2030 Ross..
637 2000 685 2029 ex
712 1994 847 2043 parte.

195 2058 294 2096 Hab.
322 2059 358 2095 in
382 2059 541 2106 regione
564 2058 696 2106 alpina
718 2058 931 2103 Anatoliae,
956 2057 1147 2106 Olympus
1168 2056 1359 2107 (Boissl),
1387 2056 1550 2094 Tmolus
1574 2068 1692 2105 supra
1726 2057 1828 2094 Boz-

137 2117 241 2165 dagh
264 2116 430 2168 (Boissl
458 2119 544 2155 Bal.
575 2130 660 2156 exs.
689 2116 796 2157 416!
822 2117 893 2155 sub
918 2118 963 2155 A.
991 2117 1307 2167 Cappadociae),
1332 2116 1495 2164 Argaeus
1519 2110 1630 2170 (Ball
1651 2116 1689 2165 )‚
1718 2127 1828 2153 mons

136 2177 361 2225 Berytdagh
386 2176 583 2216 Cataoniae
609 2175 840 2231 (Haussk!)‚
866 2177 1021 2215 Taurus
1045 2176 1228 2215 Cilicicus
1254 2176 1359 2226 (Ball
1384 2175 1448 2223 Ky
1475 2187 1555 2213 eXS.
1584 2173 1726 2227 1501).

195 2245 256 2282 An
282 2246 450 2283 varietas
477 2247 608 2294 alpina
629 2245 673 2284 A.
699 2247 883 2284 setaeeae?
917 2246 987 2283 sed
1015 2245 1152 2293 sepala
1186 2244 1372 2281 trinervia
1396 2255 1467 2281 nec
1488 2244 1691 2281 uninervia
1714 2244 1828 2280 aliter

137 2303 320 2342 colorata.
346 2305 550 2343 simillima
572 2304 618 2345 A.
642 2318 810 2344 recurvae
835 2318 915 2343 var.
942 2305 1066 2343 nivali
1092 2306 1257 2352 quacum
1281 2315 1384 2351 saepe
1404 2302 1566 2341 confusa
1593 2303 1662 2340 fuit
1688 2306 1726 2339 et
1744 2314 1828 2351 quae

135 2364 280 2412 sepalis
305 2363 379 2403 5-7
405 2366 548 2403 nerviis
571 2366 700 2404 statim
735 2366 990 2413 dignoscitur.
1024 2364 1162 2402 Flores
1199 2363 1392 2401 interdum
1423 2374 1442 2399 e
1476 2363 1625 2411 cespite
1659 2362 1725 2398 vix
1761 2374 1827 2399 ex-

138 2424 244 2461 serti.

136 2540 167 2592 †
195 2543 221 2589 †
254 2541 396 2589 Sepala
421 2543 700 2580 subuninervia
722 2542 844 2580 fascia
867 2541 981 2578 viridi
1005 2552 1125 2578 nervo
1151 2540 1242 2577 albo
1268 2538 1458 2587 bipartita
1478 2537 1826 2586 albo-marginata.

194 2664 254 2706 A.
285 2667 518 2707 setacea
553 2663 731 2719 (Thuill.
763 2663 822 2705 ΡΙ.
856 2663 950 2705 Par.
982 2677 1022 2718 p.
1056 2660 1139 2703 ⁶218
1169 2660 1246 2702 sub
1274 2658 1513 2715 Arenariri)
1556 2659 1828 2713 glaucescens

137 2721 226 2764 basi
255 2721 559 2766 sufsrutesccns
586 2721 860 2774 multicaulia,
892 2721 1022 2764 ramis
1049 2718 1248 2762 floriferis
1272 2717 1543 2760 filiformibus
1563 2718 1651 2759 laxe
1670 2716 1829 2759 foliosis

134 2780 222 2822 laxe
249 2781 312 2822 vel
340 2781 564 2823 confertim
592 2779 1080 2837 cymoso-corymbosis,
1110 2777 1220 2820 foliis
1247 2775 1642 2819 subulalo-setaceis
1671 2774 1828 2817 triner-

134 2839 212 2881 viis
253 2838 415 2881 obtusis
456 2840 519 2881 vel
562 2839 823 2882 mucronatis
866 2838 916 2881 ad
960 2851 1101 2879 ramos
1145 2835 1309 2879 steriles
1351 2833 1634 2885 fasciculaiis,
1679 2833 1829 2889 calycis

136 2897 474 2940 ovoidco-conici
502 2899 565 2940 vel
593 2895 1017 2954 oblongo-cylindrici
1045 2894 1198 2951 sepalis
1226 2892 1358 2936 ovalis
1380 2893 1440 2934 vel
1463 2892 1831 2947 oblongo-lanceo-

134 2955 229 2998 latis
256 2955 388 2998 acutis
417 2956 610 3013 margine
638 2956 767 2999 fascia
797 2955 936 2998 media
962 2952 1314 3009 subangustiore,
1344 2951 1492 3008 petalis
1519 2950 1697 2993 obovato
1715 2975 1732 2981 -
1751 2950 1826 2992 ob-
