2021 3235
897 89 981 134 955

148 188 248 225 Hab.
284 199 332 224 ex
366 187 414 225 cl.
451 186 580 223 Buhse
610 186 648 223 in
684 186 806 234 sylvis
843 197 952 233 prov.
980 183 1123 222 Ghilan
1149 188 1187 222 et
1214 184 1475 221 Mazanderan
1512 182 1657 219 Persiae
1694 182 1780 218 bor.

90 250 326 295 spontanea;
352 257 398 283 ex
424 245 538 292 Syria
560 246 608 282 ab
646 245 871 282 auctoribus
902 244 1072 292 antiquis
1097 244 1282 292 indigena
1305 243 1446 280 dicitur
1471 241 1541 279 sed
1566 242 1617 278 ibi
1648 252 1772 288 nuper

91 310 305 354 spontanea
321 317 396 342 non
416 305 636 342 observata.
658 304 804 341 Colitur
823 304 859 340 in
876 303 1110 341 ambulacris
1133 301 1311 340 Graeciae!
1339 301 1579 339 Macedoniae
1597 299 1605 337 !
1628 293 1774 348 Syriae!

94 356 309 402 Anatoliae!
340 359 535 412 AEgypti!
568 363 722 400 Persiae.
749 362 806 400 Fl.
833 357 1035 400 Mar-sun.

449 645 613 694 ORD.
649 646 908 693 XXXIV.
958 644 1415 691 AMPELIDEAE.

503 755 570 802 Η.
593 755 651 802 Β.
677 754 739 803 R.
764 754 888 802 Nov.
913 753 1038 801 Gen.
1064 754 1126 811 V,
1152 771 1198 816 p.
1232 751 1367 798 225.

152 942 294 985 Flores
321 943 538 998 regulares
564 941 902 997 hermaphroditi
931 942 992 984 vel
1020 941 1163 984 dioici.
1193 941 1312 998 Calyx
1342 953 1497 997 parvus
1526 939 1693 994 integer
1720 939 1781 980 vcl

94 999 166 1043 45
197 1001 392 1043 dentatus
428 1001 540 1042 intus
570 1007 661 1043 toro
687 999 920 1043 disciformi
949 1001 1009 1043 vel
1038 1001 1254 1043 urceolam
1281 999 1469 1043 vestitus.
1503 998 1643 1040 Petala
1669 997 1697 1040 4
1723 997 1785 1039 vel

95 1058 122 1102 5
148 1059 251 1102 disci
280 1058 463 1115 margini
491 1066 608 1102 extus
636 1058 795 1102 inserta
821 1059 980 1101 Valvata
997 1058 1196 1101 dentibus
1214 1057 1367 1115 calycis
1386 1058 1564 1100 alterna.
1595 1055 1784 1099 Stamina

96 1125 155 1161 tot
181 1125 284 1174 quot
308 1119 444 1174 petala
473 1125 569 1160 ante
596 1131 645 1160 ea
671 1117 787 1160 disco
814 1117 988 1160 inserta.
1019 1116 1218 1161 Ovarium
1247 1116 1427 1159 liberum
1456 1115 1481 1157 ξ)
1498 1114 1553 1158 -6
1579 1115 1783 1161 Ioculare,

95 1176 219 1220 loculi
260 1177 275 1218 ‘l
302 1201 319 1207 —
338 1175 364 1218 2
391 1176 562 1219 ovulati.
597 1175 725 1219 Ovula
752 1183 957 1232 anatropa
983 1182 1140 1228 erecta,
1172 1176 1303 1232 raphe
1330 1174 1543 1218 ventralis.
1574 1173 1714 1229 stylus
1745 1173 1783 1225 l,

97 1235 247 1291 stigma
275 1235 518 1291 capitatum.
564 1234 692 1277 Bacca
719 1233 818 1277 2-ss
846 1234 1059 1277 locularis.
1105 1234 1275 1277 Semina
1315 1241 1455 1276 erecta
1497 1231 1783 1283 albuminosa,

97 1301 201 1337 testa
227 1307 362 1337 ossea.
392 1319 447 1324 —
475 1293 666 1336 Frutices
694 1293 960 1336 scandentes.

879 1450 1014 1497 VlTlS

419 1533 478 1592 (L.
511 1532 609 1580 Gen.
648 1532 749 1580 284.
778 1560 834 1565 —
872 1531 1020 1578 Cissus
1054 1532 1165 1580 Linn.
1202 1531 1298 1582 Gen.
1335 1530 1454 1587 447).

155 1669 276 1726 Calyx
301 1669 466 1725 integer
492 1669 555 1711 vel
582 1668 770 1712 obsolete
796 1668 869 1711 4-5
897 1670 1107 1711 dentatus.
1143 1669 1281 1712 Petala
1308 1666 1381 1710 4-6
1399 1667 1532 1710 libera
1552 1673 1593 1709 et
1609 1665 1785 1708 seorsim

97 1727 276 1770 decidua
310 1728 371 1770 vel
411 1727 528 1784 apice
561 1727 823 1770 cohaerentia
858 1735 898 1770 et
933 1728 1132 1785 calyptree
1169 1727 1218 1770 ad
1257 1726 1390 1769 instar
1428 1725 1553 1769 simul
1590 1724 1785 1767 decidua.

99 1785 286 1830 Stamina
311 1785 398 1828 4-5.
428 1785 564 1843 Stylus
587 1785 878 1842 longiusculus
905 1787 965 1828 vel
995 1786 1146 1842 stigma
1174 1784 1414 1828 subsessile.
1437 1784 1568 1827 Bacca
1586 1782 1790 1826 9410ου-

95 1844 195 1888 laris
235 1843 341 1888 24
381 1858 550 1901 sperma
575 1844 639 1888 vel
665 1844 818 1888 abortu
846 1844 1121 1888 unilocularis
1157 1857 1473 1901 monosperma.
1510 1868 1566 1873 —
1594 1842 1786 1894 Frutices

99 1903 353 1947 scandentes
380 1903 560 1946 cirrhosi
588 1903 650 1946 vel
677 1903 900 1947 ecirrhosi.

100 2054 221 2098 SECT.
253 2055 284 2097 l.
321 2055 509 2097 Euvrrl-s.
549 2080 605 2085 —
637 2053 790 2097 Patala
825 2055 873 2097 in
905 2055 1145 2155 οαζῖρινατη
1181 2054 1448 2097 cohaerentia.
1489 2052 1658 2110 Sidyma
1692 2053 1792 2094 sub-

864 2126 966 2155 sessz
988 2126 1022 2155 e.

156 2231 217 2273 V.
245 2230 501 2273 vinifera
528 2230 592 2284 (L.
624 2229 694 2286 Sp.
724 2229 846 2286 293),
877 2229 1006 2272 ramis
1033 2228 1260 2279 cirrhosis,
1297 2227 1407 2270 soliis
1434 2227 1791 2270 cordato-subor-

100 2288 297 2331 biculatis
323 2287 624 2344 quinquelobis
651 2301 797 2343 grosse
824 2287 1024 2339 dentatis,
1052 2286 1201 2344 petalis
1228 2285 1255 2328 5
1282 2285 1473 2329 obovatis
1500 2286 1638 2343 calyce
1666 2285 1770 2327 obso

101 2347 181 2390 lete
208 2347 379 2390 dentato
407 2346 539 2389 multo
566 2345 832 2402 longioribus
860 2354 896 2396 5.
928 2346 988 2388 Fl.
1019 2345 1154 2389 Graec.
1187 2345 1271 2388 tab.
1304 2343 1404 2387 0242.

159 2418 258 2456 Hah.
283 2418 320 2455 in
349 2417 517 2456 dumetis
534 2418 584 2456 ad
608 2418 756 2457 rivulos
782 2419 1087 2466 subspontanea,
1115 2416 1271 2455 Graecia
1295 2412 1474 2469 (Sibth.);
1500 2416 1733 2454 Macedonia
1758 2421 1795 2452 et

103 2476 274 2515 Thracia
292 2475 494 2527 (Griseb.).
516 2477 701 2515 Anatolia
720 2477 850 2525 (Boiss
867 2471 877 2515 l
905 2477 1038 2515 Wied!
1057 2475 1185 2514 Tchih
1201 2474 1247 2528 1),
1271 2487 1381 2524 prov,
1401 2475 1625 2513 Caucasicae
1644 2475 1791 2524 (Szowl

102 2535 287 2587 Ledob.)‚
314 2537 449 2574 Persia
484 2536 654 2575 borealis
688 2538 882 2575 maritima
915 2529 1135 2587 (Buhsel).
1169 2535 1319 2573 Colitur
1345 2535 1380 2572 in
1419 2533 1572 2572 Graecia
1596 2546 1718 2582 usque
1743 2534 1791 2570 ad

101 2593 404 2636 5000’-5600’
433 2595 573 2643 (Fi-aas
589 2626 593 2632 .
609 2593 640 2647 ),
669 2597 705 2633 iu
725 2597 910 2634 Anatolia
933 2607 1057 2644 usque
1082 2596 1131 2633 ad
1153 2591 1477 2635 5600’-54ΟΟ’
1505 2589 1702 2645 (Tchih.).

161 2662 303 2700 Forma
329 2667 546 2711 spontanea
570 2662 687 2701 habet
709 2663 802 2701 folia
828 2662 1058 2711 profundius
1085 2663 1216 2700 lobata
1240 2668 1278 2700 et
1301 2662 1468 2701 fructum
1493 2662 1691 2699 acerbum.

157 2810 219 2852 V.
246 2809 504 2860 Persica,
533 2809 681 2865 glabra
707 2810 1004 2865 glaucoscons‚
1044 2807 1173 2851 ramis
1201 2807 1433 2851 ecirrhosis
1459 2807 1665 2851 teretibus
1693 2808 1792 2849 snb-

104 2866 283 2919 striatis,
327 2866 438 2910 foliis
475 2867 630 2924 petiolo
667 2868 909 2925 aequilongo
945 2866 1127 2911 suffultis
1155 2865 1181 2908 5
1199 2892 1215 2898 -
1237 2865 1260 2908 7
1289 2865 1447 2909 nerviis
1476 2880 1498 2910 a
1526 2866 1615 2910 basi
1644 2867 1723 2909 lato
1753 2873 1788 2908 ct
