2021 3235
998 147 1085 190 544

271 255 368 293 Hab.
397 253 432 289 in
459 248 632 288 arenosis
656 248 894 284 desertorum
919 242 1085 290 AEgypti
1111 239 1222 278 infer.
1245 239 1347 277 inter
1374 237 1556 275 Oahiram
1581 240 1620 275 et
1644 236 1743 276 Suez
1767 231 1882 289 (Dell

213 315 344 353 Boiss!
370 305 578 360 Kralik!)‚
605 306 759 344 Arabiae
783 306 925 351 petreae
958 301 1150 351 (Schimp.
1179 310 1282 336 exs..
1303 291 1418 337 4551
1448 288 1608 352 Βοίεε1)
1626 327 1636 343 ,
1668 297 1888 335 Palaestinae

211 376 310 412 inter
334 368 643 416 Hierosolymam
669 369 705 401 et
731 361 886 401 Jericho
912 362 948 397 in
981 360 1145 397 collibus
1177 357 1297 395 aridis
1331 358 1461 403 (Boiss
1478 355 1520 405 1),
1544 356 1584 393 in
1608 359 1740 394 monte
1763 355 1889 395 Gebel

211 433 337 471 Abiad
365 428 506 467 deserti
542 424 691 473 Syriaci
727 423 826 459 inter
861 420 986 457 Hama
1019 422 1056 456 et
1086 418 1308 465 Palmyram
1335 406 1583 467 (Blanchel),
1603 416 1890 464 Mesopotamia

213 490 356 545 (Auch.
383 500 463 526 exs.
488 483 631 533 5511).
657 483 715 520 Fl.
743 481 843 529 Apr.
861 479 950 516 Mai.

269 555 452 594 Panicula
469 553 629 601 globosa
654 550 768 587 diam.
794 558 896 593 saepc
915 544 1124 592 bipedaliS,
1145 543 1259 591 calyx
1275 542 1551 591 sesquilineam
1570 541 1723 589 longus.
1739 542 1889 580 Radice

208 617 313 655 tenui
352 614 552 652 transitum
592 610 641 648 ad
680 605 997 654 Dichoylottidem
1031 603 1222 652 praebens.
1247 623 1299 629 —-
1328 600 1407 640 Sub
1444 601 1601 638 nomine
1632 600 1674 639 G.
1711 601 1889 651 silipedis

209 677 374 714 Bienert.
409 670 540 717 accepi
565 671 613 707 ab
646 668 755 705 amic.
780 666 913 713 Bunge
946 675 1092 700 ramum
1116 662 1259 710 plantae
1285 660 1322 698 in
1355 660 1494 699 Persia
1523 661 1573 698 ad
1597 659 1763 699 Kohrud
1786 662 1889 699 inter

209 734 375 783 Ispahan
400 736 437 768 et
461 728 638 767 Teheran
664 725 887 771 crescentis,
915 723 978 759 vix
1008 722 1146 759 florere
1182 720 1404 768 incipientis
1428 725 1468 758 ct
1500 718 1546 759 G.
1581 719 1782 769 Bokejpkae
1806 732 1886 758 om·

210 795 321 831 nibus
344 792 444 829 notis
467 789 667 837 proximae,
691 785 760 822 sed
783 783 894 832 cujus
918 782 1100 830 panicula
1123 779 1337 828 pauciflora
1360 779 1533 818 strictior
1556 783 1594 817 et
1619 780 1744 817 minus
1779 779 1889 817 diva-

212 854 334 891 ricata
358 854 428 887 est.

784 999 803 1055 g
835 997 861 1040 5
893 997 1316 1042 Suffruticosae.

355 1141 376 1162 ἅ
415 1140 548 1177 Flores
578 1133 777 1185 majusculi
809 1133 943 1181 calyce
978 1127 1209 1185 1112-13]4
1238 1130 1361 1168 lineas
1393 1129 1524 1176 longo.
1554 1126 1739 1166 Ovarium

863 1200 1216 1249 quadriovulatum.

267 1338 326 1381 G.
351 1332 691 1379 Libanotica
719 1327 868 1385 (Boiss
899 1326 1048 1383 Diagn.
1078 1325 1168 1369 Ser.
1202 1325 1241 1379 1,
1271 1325 1311 1379 1,
1340 1338 1381 1381 p.
1413 1324 1486 1379 12)
1513 1325 1687 1381 glauca,
1722 1324 1889 1368 inferne

209 1395 370 1449 glabra,
399 1390 588 1435 caulibus
614 1385 854 1431 numerosis
879 1385 1069 1441 virgatis,
1098 1383 1296 1441 panicula
1314 1383 1497 1439 oblonga
1523 1383 1738 1427 interdum
1765 1382 1889 1426 visci-

209 1455 326 1505 dula,
362 1450 469 1494 foliis
500 1447 637 1505 parvis
670 1444 858 1488 carnosis
890 1443 1039 1500 rigidis
1072 1442 1267 1498 oblongis
1294 1442 1571 1486 acutiusculis
1599 1442 1749 1485 subtus
1777 1441 1889 1484 cari-

211 1511 318 1555 natis
345 1505 637 1551 subtrinerviis
666 1502 917 1554 reticulatis,
953 1502 1135 1545 bracteis
1162 1500 1352 1543 minimis
1380 1499 1889 1557 membranaceo-margi-

211 1570 333 1621 nalis,
362 1564 576 1624 pcc‘licellis
603 1561 870 1619 capillaribus
897 1561 1038 1617 calyce
1065 1559 1139 1603 3-4
1154 1560 1224 1616 plo
1251 1558 1536 1615 longioribus,
1566 1560 1704 1618 calyce
1722 1571 1888 1615 campa·

211 1629 353 1670 nulato
381 1622 728 1677 albo-marginato
746 1621 855 1662 ultra
878 1619 1064 1661 medium
1083 1619 1253 1661 dentato
1281 1617 1480 1660 dentibus
1512 1616 1803 1670 acutiusculis,
1832 1617 1891 1659 la-

211 1687 322 1728 mina
351 1687 469 1727 rosea
497 1682 634 1738 calyce
660 1677 947 1729 sublu‘eviori,
982 1678 1153 1734 capsula
1179 1677 1317 1734 calyce
1344 1676 1627 1733 sublongiori‚
1657 1675 1891 1720 seminibus

211 1741 483 1787 tuberculatis
517 1748 574 1789 26.

268 1816 366 1853 Hab,
392 1814 429 1850 in
462 1811 701 1859 rupestribus
732 1808 903 1856 regionis
934 1810 1125 1845 montanae
1157 1812 1195 1845 et
1226 1807 1379 1854 alpinae,
1409 1818 1519 1844 mons
1551 1804 1890 1854 Masmencudagh

211 1873 464 1923 Cappadociae
487 1872 583 1919 (Bal.
611 1881 689 1906 exs.
715 1862 877 1915 6061),
903 1866 1129 1915 Berytdagh
1156 1866 1353 1904 Cataoniae
1375 1863 1514 1906 8000‘
1543 1858 1741 1916 (Hausskl
1762 1864 1800 1914 ),
1822 1864 1890 1902 Li-

211 1936 332 1972 banus
369 1930 509 1979 (Auch.
549 1941 628 1966 exs.
664 1926 744 1967 561
786 1925 918 1976 bis!),
945 1927 993 1963 ad
1031 1926 1170 1964 cedros
1205 1923 1358 1977 (Boissl
1396 1926 1461 1963 Bll
1499 1924 1577 1974 Ky.
1613 1936 1695 1962 exs.
1730 1920 1889 1978 548!).

209 1993 269 2031 Fl.
293 1992 368 2030 Jul.

267 2058 405 2096 caules
436 2053 544 2109 ¹s2-1
574 2054 751 2102 pedales,
776 2053 869 2091 folia
897 2050 972 2091 4-5
1009 2052 1078 2089 lin.
1108 2052 1227 2100 longa
1264 2048 1292 2089 2
1324 2048 1429 2101 lata,
1458 2051 1572 2100 calyx
1613 2051 1888 2100 sesquilineam

207 2120 356 2166 longus.
382 2116 560 2153 Floribus
593 2113 710 2161 duplo
736 2112 949 2161 majoribus
983 2114 1021 2148 et
1052 2111 1203 2149 laciniis
1228 2110 1417 2159 calycinis
1453 2110 1684 2148 lanceolatis
1721 2110 1887 2148 acutius-

209 2177 302 2216 culis
327 2188 349 2213 a
375 2174 422 2215 G.
452 2174 690 2213 Damascena
716 2172 827 2220 cujus
845 2170 938 2208 folia
962 2170 1081 2208 refert
1104 2170 1360 2219 dignoscitur.

266 2332 324 2376 G.
357 2329 661 2374 curviiolia
689 2326 831 2382 (Fenzl
859 2325 962 2381 Pug.
992 2334 1039 2367 n0
1066 2324 1141 2382 31)
1177 2324 1330 2382 pallide
1360 2324 1500 2367 virens
1527 2323 1693 2366 inferne
1719 2322 1884 2379 glabra,

207 2389 395 2433 caulibus
423 2388 471 2429 ad
498 2387 630 2429 nodos
658 2398 766 2441 saepe
800 2383 1007 2437 infractis,
1035 2384 1235 2441 panicula
1261 2383 1511 2441 corymbosa
1537 2382 1680 2439 patula
1707 2382 1885 2439 glandu-

209 2450 316 2498 losa,
355 2445 463 2489 foliis
490 2443 677 2488 carnosis
705 2449 879 2499 anguste
905 2441 1302 2500 lineari-triquetris
1329 2440 1602 2485 acutiusculis
1631 2439 1885 2483 radicalibus

204 2504 459 2555 subfalcalis,
489 2502 671 2545 bracteis
698 2500 902 2543 subulatis
929 2500 1150 2544 herbaceis
1178 2507 1355 2556 anguste
1382 2498 1740 2552 membranaceis,
1770 2497 1885 2555 pedi-

203 2565 315 2607 cellis
344 2561 609 2605 lilisorinibus
636 2561 775 2616 calyce
802 2558 880 2602 23
906 2560 974 2615 plo
1008 2559 1299 2615 longioribus,
1335 2559 1474 2616 calyce
1508 2559 1804 2614 campanulalo
1831 2556 1883 2600 ad

203 2622 386 2665 medium
415 2621 552 2662 lobato
580 2618 685 2661 lobis
712 2617 1162 2679 oblongo-lanceolatis
1190 2617 1458 2670 acuminatis,
1488 2617 1636 2673 petalis
1655 2615 1884 2673 purpureis

202 2680 389 2722 cuneatis
416 2679 554 2735 calyce
581 2677 706 2732 duplo
735 2676 1020 2731 longioribus,
1060 2677 1229 2734 capsula
1258 2677 1399 2734 calyce
1427 2674 1715 2730 sublongiori,
1755 2673 1882 2718 semi-

203 2739 326 2780 nibus
353 2734 807 2792 rugoso-tuberculatis
842 2746 898 2787 26.

260 2808 358 2845 Hab.
386 2809 422 2844 in
447 2806 586 2854 alpinis
610 2809 647 2842 et
670 2805 884 2853 subalpinis
907 2805 1027 2842 Tauri
1062 2805 1275 2854 Lycaonici
1316 2807 1415 2844 inter
1439 2803 1636 2843 Ermenek
1671 2807 1708 2843 et
1740 2803 1880 2841 Tourt-

204 2867 334 2905 chalar
359 2866 496 2916 (Heldr
513 2859 566 2912 1),
592 2865 731 2901 montis
762 2864 984 2902 Aslandach
1016 2864 1278 2913 Cappadociae
1305 2864 1457 2916 (Ball),
1482 2864 1604 2903 Tauri
1628 2862 1777 2903 Cilicici
1801 2862 1880 2912 (Ky

202 2937 283 2964 exs.
308 2923 388 2964 64!
417 2919 520 2962 172!
553 2921 700 2973 2041),
725 2922 782 2960 Fl.
806 2926 888 2960 aest.
