2021 3235
937 183 1011 227 741

133 271 284 329 aequali
310 270 411 314 hirti
438 270 604 314 laciniis
631 271 793 315 obtusis
810 308 819 326 ,
848 274 962 330 stylis
988 274 1131 318 liberis
1158 276 1428 323 brevissimis.
1461 280 1712 328 perennans.
1747 289 1798 331 H.

132 331 303 374 hirsuta
329 343 416 373 var.
449 329 681 386 leiophylla
712 329 876 373 Griseb.
907 331 1014 388 Spic.
1048 334 1079 386 Ι,
1111 348 1149 389 p.
1181 333 1264 377 216
1294 337 1359 391 (cx
1386 338 1682 398 descriptione)

192 402 291 440 Hab.
320 402 358 438 in
381 401 541 448 regione
562 401 693 449 alpina
716 401 897 439 Parnassi
924 402 1041 454 (Sartt
1067 402 1198 443 Heldr.
1218 406 1272 443 Fi,
1295 406 1360 444 Gr.
1381 420 1459 446 exe.
1483 405 1617 450 1786!
1648 408 1803 462 Orplil),

133 461 273 499 montis
291 459 454 498 Veluchi
476 459 633 497 AEtoliae
660 459 823 512 (Samar.
849 465 887 499 et
904 461 1083 513 Guicc!),
1111 463 1266 513 Olympi
1292 466 1470 504 Thessali
1490 468 1625 518 (Heldr
1642 472 1681 521 Ι),
1702 485 1804 510 mon-

132 520 227 558 tium
252 519 492 558 Macedoniae
516 517 733 569 (Grisebl).
760 519 820 557 Fl.
846 520 934 559 Jun.

192 586 316 635 Oalyx
354 586 392 623 in
427 585 705 633 speciminibus
744 585 906 625 Creticis
948 588 1138 627 interdum
1172 591 1395 637 glabrescit.
1431 593 1588 641 Species
1611 596 1733 633 affinis
1760 599 1805 637 H.

129 646 275 697 ylahroe
299 658 322 683 a
353 645 429 693 qua
459 648 599 692 praeter
623 645 794 683 radicem
819 651 1096 693 perennantem
1122 653 1158 686 et
1186 661 1313 687 ramos
1337 653 1471 689 subtus
1497 655 1714 692 radicantes
1738 657 1805 693 dif-

133 707 208 744 fert
230 705 331 743 foliis
355 705 558 742 latioribus
584 705 861 753 obtusioribus,
885 707 1110 753 glomerulis
1134 708 1298 758 foliosis,
1325 710 1483 749 floribus
1508 714 1622 760 paulo
1650 715 1802 762 majori-

133 766 205 804 bus
223 763 556 813 subpedicellatis.
585 763 746 810 Stfpulae
763 764 818 801 eis
835 764 998 802 aliarum
1016 767 1233 813 specierum
1249 770 1403 816 generis
1421 772 1587 819 majores
1605 776 1641 809 et
1658 773 1807 821 longius

134 824 284 862 ciliatae.
312 844 364 852 -
389 822 438 860 H.
461 823 657 872 permiscant
681 822 766 860 Jan.
793 834 814 861 e
839 823 971 862 Sicilia
997 825 1132 873 calyce
1155 827 1256 874 pube
1278 828 1397 875 longa
1419 828 1571 877 hispido
1595 831 1735 869 differt.

192 996 256 1039 H.
289 995 518 1051 Arqaea,
555 994 747 1038 caulibus
779 995 978 1038 brevibus
1011 998 1249 1053 prostratis,
1292 998 1401 1041 foliis
1433 999 1620 1043 obovatis
1652 1001 1807 1055 glabris

133 1054 194 1097 vel
222 1053 414 1109 margine
442 1052 627 1096 breviter
652 1053 824 1106 cibatis,
859 1054 1036 1097 floribus
1064 1056 1360 1099 subsessilibns
1388 1056 1429 1099 in
1455 1058 1709 1112 glomcrulos
1736 1074 1806 1116 ap-

133 1111 390 1169 proximatos
418 1109 440 1152 7
460 1110 553 1154 -10
580 1112 708 1155 ssoros
734 1111 970 1168 dispositis,
1006 1115 1141 1170 calyce
1169 1121 1288 1158 ovato
1317 1115 1410 1171 pilis
1437 1116 1586 1172 patulis
1615 1117 1807 1160 brevibus

134 1169 450 1227 subaequalibus
477 1169 682 1223 velutino,
718 1171 821 1227 stylo
854 1170 986 1224 brevi,
1024 1172 1216 1228 stigmate
1250 1173 1609 1230 capitato-bilobo.
1655 1175 1803 1218 Percn-

136 1241 260 1271 nans.

195 1299 295 1337 Hab.
321 1299 359 1336 in
382 1299 543 1346 regione
567 1299 701 1347 alpina
728 1301 869 1338 montis
893 1299 1022 1348 Argaei
1047 1300 1307 1350 Cappadociae
1331 1302 1416 1352 (Bal
1432 1304 1469 1352 !).

196 1366 257 1403 Ab
279 1365 326 1403 H.
350 1366 501 1405 hirsuta
526 1365 628 1404 foliis
654 1366 809 1404 minutis
838 1367 1173 1412 glabrescentibus
1191 1370 1314 1406 ovatis
1341 1370 1500 1418 obtusis,
1526 1371 1671 1419 calycis
1704 1372 1803 1419 pube

138 1425 246 1463 brevi
270 1426 432 1477 aequali3
456 1427 506 1464 ab
530 1425 577 1463 H.
614 1425 852 1465 Parnassio&
887 1427 1002 1464 ramis
1035 1439 1111 1465 non
1149 1428 1431 1474 radicantibus,
1456 1429 1606 1477 stipulis
1639 1430 1804 1472 minutis.

137 1484 360 1533 glomerulis
385 1485 602 1523 multifloris
625 1489 663 1523 et
687 1486 788 1534 stylo
813 1486 1012 1524 bidentato
1035 1486 1233 1525 distincta.

813 1651 839 1700 †
870 1651 896 1700 †
928 1652 1135 1690 Perennes.

194 1773 259 1815 H.
286 1773 501 1817 incana
528 1773 669 1829 (Lam.
702 1773 801 1816 Dict.
835 1773 908 1825 Ill,
939 1787 976 1829 p.
1007 1771 1109 1828 4⁶24)
1138 1772 1585 1823 vetulum-canescens,
1616 1773 1802 1817 caulibus

135 1828 300 1872 inferne
336 1829 543 1874 induratis
578 1831 696 1873 humi
734 1831 925 1888 expansis
962 1831 1163 1886 elongatis
1196 1830 1393 1882 ramosis,
1437 1829 1544 1872 soliis
1579 1830 1707 1872 ovatis
1741 1833 1799 1873 vel

135 1888 587 1944 oblongo-lanceolatis
614 1890 702 1932 basi
732 1890 973 1941 attenuatis,
1002 1889 1177 1931 floribus
1202 1888 1457 1945 pedicellatis
1485 1888 1525 1929 in
1548 1889 1802 1943 glomerulos

135 1945 206 1988 3-ss
232 1946 360 1989 ssoros
387 1949 476 1990 laxe
503 1948 717 2004 dispositis
744 1949 808 1991 vel
835 1947 1033 1991 solitariis
1050 1983 1059 2000 ‚
1094 1948 1229 2003 calyce
1256 1953 1374 1989 ovato
1402 1946 1495 2002 pilis
1523 1947 1671 2001 patulis
1699 1948 1802 1989 albis

135 2005 368 2061 aequalihus
395 2006 530 2062 longis
556 2006 739 2057 hirsuto,
769 2005 1034 2062 stigmatibus
1062 2005 1355 2047 subsessilibus
1382 2003 1618 2046 divaricatis
1655 2012 1713 2063 36.
1744 2006 1797 2046 H.

134 2077 404 2120 macrocarpa
430 2064 564 2107 Sibth.
593 2064 651 2107 Fl.
673 2064 744 2107 Gr.
774 2065 859 2107 tab.
883 2063 980 2106 252.
1011 2063 1066 2105 Η.
1090 2064 1252 2105 Bessara:
1278 2062 1413 2104 Fiscli.
1446 2062 1485 2103 in
1510 2061 1637 2103 llorn.
1658 2063 1796 2118 Suppl.

193 2193 296 2231 Hab.
321 2193 359 2230 in
385 2194 549 2232 collibus
573 2195 778 2240 montanis,
806 2193 957 2231 Graecia
981 2191 1196 2232 insMalevo
1219 2190 1362 2240 (Orpli.
1389 2191 1448 2227 Fl.
1488 2189 1554 2228 Gr.
1590 2201 1668 2227 exs.
1695 2189 1800 2240 222>

137 2254 174 2288 et
199 2252 390 2290 Parnasso
414 2252 553 2301 (Guicc
568 2253 608 2302 1),
636 2253 864 2292 Macedonia
888 2257 925 2289 et
959 2251 1128 2288 Thracia
1156 2250 1314 2298 (hivi),
1344 2249 1525 2286 Anatolia
1558 2250 1593 2285 in
1619 2249 1801 2296 Bithynia

136 2305 363 2365 (Ttiirkez),
391 2317 518 2350 monte
548 2312 685 2360 Sipylo
709 2312 845 2360 Lydiae
868 2311 967 2359 (Bal.
995 2321 1074 2347 exs.
1101 2307 1187 2348 575
1204 2309 1251 2359 3),
1276 2309 1407 2345 Tauro
1433 2307 1590 2345 Cilicico
1617 2303 1694 2360 (Ky
1721 2320 1799 2344 cxs.

134 2368 216 2410 201
238 2369 273 2421 !)
290 2401 298 2415 ‚
323 2371 507 2408 Armenia
531 2371 700 2410 Turcica
725 2371 773 2409 ad
800 2371 965 2408 Baibout
990 2366 1206 2420 (Bourgl),
1234 2372 1382 2406 montes
1406 2365 1598 2403 Cataoniae
1621 2372 1655 2402 ct
1681 2365 1801 2414 Syriae

136 2430 304 2473 borealis
329 2428 575 2480 (Haussk1)‚
606 2431 852 2468 Antilibanus
887 2429 987 2465 inter
1023 2427 1227 2474 Rascheya
1267 2422 1303 2463 et
1344 2426 1572 2474 Damascum
1609 2423 1799 2474 (Boiss!)‚

136 2488 282 2527 Tauria
306 2492 343 2526 et
379 2501 488 2536 prov.
530 2490 658 2527 Trans
683 2495 720 2527 et
759 2488 1039 2526 Ciscaucasicae
1066 2485 1238 2537 (O.A.M!
1265 2484 1459 2533 Homul),
1488 2484 1620 2520 Persia
1642 2484 1722 2520 bor.
1752 2484 1799 2520 ad

135 2547 326 2585 Radkann
352 2547 499 2597 (Buhse
517 2547 526 2586 !
542 2552 566 2600 )‚
592 2553 630 2587 et
655 2550 692 2586 in
716 2560 827 2596 prov.
857 2545 1075 2584 Asterabad
1099 2542 1299 2593 (Bunge!),
1326 2542 1528 2589 Affghania
1552 2540 1721 2587 (Grifft).
1745 2542 1800 2578 Fl.

138 2605 338 2645 Mai.-Jun.

233 2672 310 2712 Ar.
354 2680 514 2725 Geogr.
550 2676 706 2724 Europa
746 2675 928 2712 australis
967 2674 1014 2710 ab
1054 2671 1242 2719 Hispania
1287 2670 1334 2706 ad
1378 2669 1552 2705 Rossiam
1599 2669 1804 2705 australem

142 2730 356 2789 (Trautv.).

192 2899 256 2941 H.
276 2898 581 2954 Olympica
608 2900 658 2953 (J.
681 2900 765 2956 Gay
792 2899 834 2940 in
863 2897 1092 2939 Ducliartre
1123 2895 1217 2936 Rev.
1251 2893 1335 2935 Bot.
1377 2892 1495 2955 Ιὸᾷωϋ,
1519 2906 1557 2946 p.
1589 2890 1687 2954 37⁴»
1715 2899 1812 2952 ran·

137 2955 246 2998 libus
272 2956 400 3000 dense
429 2957 584 3000 foliatis
611 2955 990 3015 procumbentibus
1018 2951 1268 2995 abbreviatis
1297 2964 1493 2997 ramom,
1533 2949 1639 2989 soliis
1677 2960 1811 3004 parus
