2021 3235
926 192 974 235 11

169 281 292 329 Sssc‘r.
330 282 385 326 ΙΙ.
415 281 742 326 PRAEONANTHUS
776 294 843 325 Dc.
881 281 1101 325 Involucri
1125 283 1282 340 phylla
1311 285 1479 328 trisecta
1501 286 1657 341 petiole
1686 286 1799 329 brevi

374 340 625 395 insidentia,
653 341 843 384 stamina
868 347 1041 384 calerna
1068 342 1315 385 immutata.
1340 342 1541 399 Carpella
1568 344 1614 386 in
1641 345 1798 387 caudas

374 398 520 456 lonyas
558 399 756 443 barbatas
783 400 1009 456 producta.
1045 399 1373 457 Receptacalum
1407 402 1793 459 hemisphoericam.

169 507 230 550 A.
255 507 471 563 Alpina
498 508 559 565 (L.
580 508 648 566 Sp.
673 508 772 565 760)
799 508 910 553 foliis
931 508 1189 552 radicalibus
1206 509 1545 567 bipinnatisectis
1564 511 1796 566 segmentis

110 564 532 623 pinnatifido-incisis
568 567 899 611 involucralibus
936 567 1069 611 tornis
1104 567 1262 625 petiolo
1300 568 1474 612 dilatato
1511 568 1798 612 insidentibus

109 623 415 678 conformibus,
444 625 549 669 flore
577 626 783 680 solitario,
803 625 955 684 sepalis
983 626 1196 681 subsenis‚
1226 627 1361 671 cauda
1387 628 1623 685 carpellum
1641 628 1798 670 multo-

109 683 186 726 ties
214 683 429 739 superanti
468 691 528 734 36.

165 749 212 804 β.
239 752 461 802 sulphurea.
487 754 626 792 Flores
651 755 863 803 sulphurei.

167 819 269 858 Hah:
292 820 331 857 in
353 820 518 869 Alpibus
543 821 708 860 Caucasi
731 822 856 861 occid.
890 820 1120 874 (Nordm!)‚
1156 822 1192 859 in
1220 822 1397 861 Caucaso
1432 823 1568 860 merid.
1593 818 1794 878 (Szowl).

109 878 167 916 Fl.
192 883 274 918 aest.

167 944 388 993 Specimina
408 947 579 986 florifera
596 951 746 986 tantum
770 948 849 985 vidi
872 949 941 986 sed
966 948 1145 986 videntur
1162 949 1306 996 plantae
1322 949 1463 997 alpinae
1480 948 1636 986 similia.
1656 949 1795 987 Mirum

110 1008 169 1043 est
191 1004 291 1044 hanc
324 1006 496 1054 speciem
526 1006 565 1044 in
600 1007 793 1045 montibus
819 1006 982 1046 Graeciae
1005 1011 1043 1046 et
1070 1006 1177 1046 Asiae
1201 1008 1363 1046 Minoris
1392 1008 1593 1057 hucusque
1630 1020 1705 1046 non
1729 1009 1796 1047 ob—

108 1068 301 1102 servatam
324 1065 456 1103 fuisse.

166 1130 241 1172 Ar.
260 1131 425 1184 Geogr.
445 1135 570 1183 Regio
589 1138 772 1174 montana
789 1136 960 1184 Europae
979 1136 1134 1187 mediae,
1154 1136 1264 1184 regio
1283 1136 1431 1175 arctica
1446 1136 1571 1175 occid.
1590 1135 1795 1175 Americae.

166 1239 290 1283 SECT.
332 1239 407 1283 ΙΙΙ.
443 1240 787 1284 ERIOCEPHALUS.
823 1239 941 1283 Hools
975 1245 1015 1283 et
1058 1239 1134 1282 Th.
1173 1238 1239 1282 Fl.
1275 1239 1374 1282 Ina.
1409 1238 1447 1282 I.
1479 1253 1526 1295 p.
1565 1238 1642 1282 20.
1671 1238 1796 1282 Invo-

401 1299 513 1341 lacri
542 1298 699 1355 phylla
742 1299 832 1342 basi
870 1299 1020 1342 libera.
1066 1298 1269 1342 Stamina
1297 1298 1508 1342 eoeteriora
1544 1297 1793 1341 immutata.

402 1356 603 1414 Carpella
631 1358 733 1401 lana
749 1358 879 1401 densa
895 1358 1091 1401 involuta
1120 1357 1231 1414 stylo
1256 1357 1458 1400 subulam
1483 1357 1599 1399 nudo
1628 1357 1797 1400 tandem

399 1417 672 1460 marcescenti
695 1422 914 1474 superata.

224 1533 244 1590 ξ
270 1533 285 1576 Ι
293 1567 300 1576 .
331 1533 475 1577 Radia:
486 1536 496 1542 ²
506 1535 714 1578 taberosa.

165 1642 226 1685 A.
267 1643 578 1686 coronaria
609 1642 671 1699 (L.
701 1642 770 1699 Sp.
817 1640 918 1696 760)
954 1641 1064 1685 foliis
1098 1640 1356 1684 radicalibus
1388 1640 1589 1684 ternatim
1622 1641 1795 1684 decom-

106 1699 253 1756 positis
280 1700 512 1757 segmentis
539 1701 796 1758 petiolulatis
822 1700 930 1744 lobis
965 1699 1153 1743 breviter
1179 1699 1373 1756 oblongis
1406 1699 1671 1743 mucronatis
1688 1735 1697 1753 ‚
1728 1700 1796 1743 in-

106 1758 391 1803 volucralibus
428 1759 560 1803 ternis
603 1759 719 1803 varie
759 1759 996 1813 laciniatis·‚
1032 1758 1185 1816 sepalis
1222 1757 1299 1801 5-7
1333 1758 1491 1812 ovatis,
1527 1760 1796 1815 receptaculo

106 1817 282 1862 ovoideo
308 1819 371 1862 vel
398 1818 581 1875 oblongo
618 1826 679 1868 26.
711 1818 768 1862 Ic.
800 1818 861 1861 Fl.
891 1818 1027 1862 Graec.
1059 1818 1144 1861 tab.
1177 1816 1278 1861 514.
1311 1818 1447 1861 Rchb.
1484 1818 1512 1861 f.
1543 1816 1674 1860 4648.

164 1888 267 1928 Hab.
296 1890 333 1926 in
359 1889 524 1927 collibus
548 1892 586 1926 et
607 1890 713 1936 agris
736 1889 935 1926 derelictis
959 1889 1077 1927 totius
1104 1889 1276 1936 regionis
1300 1888 1599 1926 Mediterraneae
1624 1888 1659 1924 in
1687 1887 1793 1926 Grae-

106 1947 166 1986 cia
191 1947 271 1999 (ubi
304 1960 426 1997 usque
459 1948 509 1987 ad
540 1946 671 1988 5500·
704 1948 743 1986 in
778 1952 908 1986 monte
943 1948 1091 1986 Parnes
1127 1947 1270 1986 Atticae
1293 1947 1502 1998 ascendit),
1529 1947 1792 1985 Macedoniae!

105 2006 308 2046 Thraciae!
334 2006 545 2046 insularum
571 2007 846 2057 Archipelagi!
877 2008 915 2045 in
949 2007 1046 2046 Asia
1080 2007 1218 2045 minori
1252 2007 1446 2045 maritima
1480 2007 1718 2046 occidentali
1758 2011 1796 2044 et

105 2068 265 2105 australi
291 2068 340 2106 ad
365 2066 542 2106 Ciliciam
567 2079 690 2117 usque
727 2067 857 2118 (Kyi)
884 2067 1040 2116 Cypro!
1081 2067 1197 2116 Syria
1237 2067 1431 2105 maritima
1470 2071 1509 2104 et
1551 2067 1600 2104 ad
1637 2066 1793 2115 Aleppo

106 2124 209 2176 (Kyl
232 2127 302 2165 Bl!
329 2126 433 2165 Gaill
450 2128 457 2164 !
472 2126 502 2180 )‚
525 2127 734 2166 Palaestina
751 2139 874 2177 usque
897 2127 948 2165 ad
971 2127 1133 2166 Hebron
1157 2123 1346 2181 (Boissl),
1366 2126 1566 2175 Euphrate
1592 2126 1789 2175 superiori

109 2183 353 2238 (Chesneyl)
377 2187 437 2226 Fl.
462 2187 589 2236 primo
615 2199 718 2225 vere.

162 2253 298 2291 Variat
318 2254 402 2292 flor.
429 2254 786 2303 coerulescentibus‚
814 2253 1015 2302 violaceis,
1041 2252 1250 2301 coccineis,
1271 2266 1277 2298 γ.
1297 2250 1448 2291 uniceis
1473 2251 1600 2290 rarius
1626 2251 1792 2289 flavidis.

159 2319 205 2373 β.
235 2319 484 2376 parvislora.
514 2318 659 2362 Flores
676 2317 880 2361 minores.
913 2317 965 2360 A.
982 2317 1151 2375 pusilla
1168 2330 1235 2361 Dc.
1257 2316 1368 2375 Syst.
1392 2316 1424 2359 1.
1446 2330 1488 2373 p.
1510 2314 1611 2359 197.
1634 2315 1792 2359 Deless.

105 2377 160 2420 Ic.
192 2382 221 2420 t.
252 2376 323 2422 13.
354 2377 510 2422 Forma
535 2391 614 2421 nec
640 2376 839 2420 varietas.

161 2449 262 2487 Hah.
290 2449 327 2486 in
353 2449 550 2487 Messenia
576 2448 700 2501 (herb.
725 2446 934 2498 Panemo,
962 2446 1092 2496 Cypro
1118 2445 1320 2497 (Labill.).

151 2534 202 2578 y.
233 2513 386 2567 incisa,
415 2513 503 2557 Fol.
535 2519 755 2569 segmenta
780 2526 866 2555 non
899 2511 1191 2568 decomposita
1219 2511 1291 2554 sed
1320 2524 1343 2553 a
1375 2510 1466 2553 basi
1495 2511 1675 2553 cuneata
1701 2511 1794 2566 plus

105 2585 245 2614 minus
272 2571 481 2629 profunde
508 2571 662 2630 partita
687 2570 795 2615 lobis
831 2569 992 2614 incisis.
1024 2569 1193 2613 Transit
1226 2570 1277 2613 ad
1306 2576 1453 2627 typum
1487 2576 1528 2612 et
1563 2568 1673 2612 foliis
1701 2568 1793 2610 affi-

104 2629 169 2673 nis
210 2637 272 2673 cst
298 2630 454 2688 speciei
493 2630 688 2688 sequenti
716 2644 740 2673 a
775 2633 858 2688 qua
893 2629 1046 2687 sepalis
1078 2628 1345 2685 longioribus
1380 2628 1604 2672 latioribus
1643 2626 1793 2671 distin—

134 2688 264 2732 uitur.

104 2701 131 2745 g
160 2759 262 2798 Hab.
286 2771 373 2797 cum
397 2763 492 2809 typo
517 2760 554 2797 in
578 2758 734 2798 Graecia
759 2757 956 2812 (Sprunl),
983 2758 1098 2807 Syria
1124 2756 1201 2807 (131.
1225 2756 1328 2794 Gaill
1344 2758 1350 2794 !
1367 2757 1395 2808 ).

162 2823 238 2865 Ar.
263 2824 425 2876 Geogr.
450 2827 573 2876 Regio
600 2826 895 2864 Mediterrancae
921 2826 1089 2874 Europae
1115 2827 1153 2862 et-
1178 2824 1324 2863 Africae
1345 2823 1530 2862 borealis.

161 2935 222 2978 A.
250 2934 485 2991 fulgens
512 2933 566 2990 (J.
601 2933 688 2991 Gay
726 2933 768 2976 in
798 2933 932 2976 Rchb.
965 2933 1023 2975 Pl.
1064 2931 1164 2975 Crit.
1209 2931 1294 2974 [ab.
1331 2929 1433 2987 0201)
1471 2929 1582 2973 foliis
1626 2928 1790 2972 radica-

104 2990 213 3040 libus
237 2993 330 3055 plus
357 2992 498 3037 minus
524 2992 734 3055 profunde
763 2991 983 3052 tripartitis
1011 2991 1166 3051 saepius
1183 2990 1366 3037 trisectis
1384 2988 1616 3049 segmentis
1642 2994 1787 3032 ovato-
