2021 3235
1011 93 1094 136 ⁰290

209 187 304 244 pilis
332 186 539 243 bipartitis
566 185 712 228 obsitis
739 185 886 237 ovans,
917 183 1065 227 loculis
1092 182 1164 225 4-5
1192 183 1372 239 spermis
1404 188 1469 234 Θ.
1500 183 1554 225 K.
1570 183 1726 239 Libyca
1752 185 1800 227 R.
1824 185 1892 229 ΒΓ.

209 245 343 289 Oudn.
397 259 436 300 p.
468 244 508 287 8.
555 244 698 286 Draba
738 243 1036 285 nummularia
1080 241 1266 283 Ebrenb.
1313 241 1355 283 in
1398 241 1518 284 Hort.
1556 241 1646 284 Bot.
1683 243 1895 286 Meniocus

210 303 494 359 Ehrenberqii
522 303 640 345 Hori.

267 375 364 412 Hab.
390 374 427 410 in
455 374 600 411 Arabia
624 373 769 421 petraea
797 370 913 422 (unde
937 371 1084 409 semina
1120 371 1169 408 ab
1194 370 1368 408 Ehrenb.
1393 371 1542 419 allata),
1568 372 1707 411 Persia
1730 373 1895 411 australi

209 434 258 470 ad
284 433 511 481 Persepolin
538 432 619 482 (Ky
645 444 725 469 exs.
749 430 863 470 1053
890 430 998 468 herb.
1026 430 1178 468 Vindob
1196 425 1241 484 !)

268 500 403 537 Flores
427 500 482 537 eis
506 498 550 537 K.
579 499 785 537 maritimae
810 499 993 535 minores.
1020 496 1181 534 Silicula
1202 495 1229 535 5
1256 496 1380 534 lineas
1404 498 1522 546 longa
1543 495 1571 536 2
1596 498 1687 536 lata.

268 564 342 604 Ar.
364 564 525 615 Geogr.
552 566 740 613 Hispania
757 564 936 602 australis
961 559 1138 615 (Langel
1161 563 1348 612 Bourg!),
1374 563 1509 602 Africa
1533 565 1717 613 borealis,
1742 566 1893 603 Insulae

214 625 486 663 Canarienses.

271 766 331 808 K.
361 765 612 808 Arabica
645 763 795 817 (Boiss.
828 762 975 817 Diagn.
1007 761 1096 804 Ser.
1130 762 1169 814 Ι,
1201 761 1309 814 VIII,
1339 775 1379 817 p.
1412 759 1486 818 26)
1516 774 1748 806 canescens
1775 777 1894 820 pros-

212 830 345 877 trata,
390 823 497 865 foliis
524 820 974 878 oblongo-spathulatis
1009 820 1170 863 obtusis
1199 819 1239 861 in
1267 820 1470 876 petiolum
1499 820 1748 874 attenuatis,
1778 836 1895 865 race-

212 882 291 924 mis
318 881 406 923 basi
436 880 677 931 bracteatis‚
707 879 880 922 siliculis
908 879 1181 935 planiusculis
1209 878 1320 935 pube
1350 878 1550 935 bipartita
1578 883 1721 935 sparsa
1748 880 1896 924 obs-itis

211 938 602 983 ovato-orbiculatis
627 938 773 981 loculis
802 938 878 980 1-02
905 937 1086 994 spermis
1118 943 1184 989 Θ.

270 1011 370 1048 Hab.
397 1011 433 1046 in
468 1010 641 1046 arenosis
677 1008 920 1045 desertorum
956 1008 1121 1056 AEgypti
1158 1019 1280 1055 prope
1317 1007 1599 1046 Alexandriam
1626 1007 1781 1059 (Auch.
1811 1022 1893 1047 exs.

212 1068 319 1108 2641
346 1062 566 1120 Samaritl),
593 1069 629 1104 in
652 1068 798 1105 Arabia
823 1068 872 1105 ad
900 1069 995 1105 fines
1024 1067 1241 1104 Palaestinae
1265 1067 1448 1117 (Boisst).

270 1136 437 1175 Siliculae
460 1136 514 1172 eis
539 1133 583 1172 K.
610 1133 759 1183 Lybicae
784 1135 943 1171 dimidio
970 1135 1139 1171 minores
1166 1134 1229 1170 vix
1253 1133 1531 1182 sesquilineam
1557 1135 1695 1185 longae.

663 1287 927 1336 BERTEROA
952 1287 1041 1347 (Dc.
1075 1287 1180 1348 Syst.
1217 1286 1279 1343 ll,
1312 1285 1430 1348 290).

267 1421 385 1479 Calyx
412 1428 576 1464 erectus
603 1420 792 1477 aequalis.
825 1419 964 1461 Petala
990 1417 1267 1474 unguiculata
1295 1416 1440 1460 bifida.
1471 1416 1689 1459 Glandulae
1710 1417 1896 1460 valvares

209 1480 446 1536 geminatzn.
485 1479 672 1522 Stamina
704 1477 793 1520 basi
828 1477 1021 1529 dilatala,
1060 1476 1228 1519 minora
1260 1489 1407 1519 versus
1440 1475 1560 1518 basin
1595 1476 1675 1518 late
1709 1475 1893 1518 dentata.

209 1539 367 1594 stigma
403 1538 644 1595 capitatum.
685 1537 853 1581 Silicula
886 1535 1069 1592 elliptica
1104 1535 1168 1577 vel
1207 1534 1460 1577 orbicularis
1486 1533 1656 1590 turgida
1681 1534 1746 1577 vel
1772 1534 1898 1590 plana

209 1598 335 1640 valvis
363 1596 714 1649 membranaceis,
742 1597 866 1651 longe
895 1595 1059 1651 stylata.
1097 1593 1270 1651 Septum
1307 1592 1526 1651 hyalinum
1562 1606 1715 1636 enerve
1742 1593 1896 1636 areolis

211 1657 398 1712 angustis
426 1655 622 1713 obliquis.
655 1654 821 1698 Semina
851 1652 1443 1708 membranaceo-marginata
1471 1652 1533 1695 vel
1561 1652 1649 1695 fere
1677 1659 1824 1708 aptera
1843 1678 1900 1683 —

215 1715 361 1757 Herbfc
390 1715 565 1757 biennes
592 1715 654 1757 vel
681 1713 1047 1770 subperennantes
1064 1711 1177 1768 pube
1195 1714 1364 1754 ramosa
1381 1710 1544 1753 incanae
1563 1710 1755 1754 caulibus
1779 1711 1898 1754 elatis

212 1774 406 1826 ramosis,
436 1773 610 1815 floribus
638 1772 743 1815 albis
769 1772 830 1813 vel
859 1770 1011 1827 pallide
1040 1770 1173 1813 roseis
1202 1770 1341 1813 rarius
1368 1769 1628 1812 subflavidis.
1659 1770 1801 1812 Genus
1828 1770 1899 1813 ha-

213 1833 301 1875 bitu
345 1832 517 1889 proprio
560 1838 598 1874 et
631 1830 779 1888 petalis
812 1829 952 1872 bifidis
980 1829 1031 1871 ab
1059 1829 1210 1884 Alysso
1237 1828 1499 1872 distinctum.

271 1962 328 2004 B.
356 1961 569 2004 incana
597 1960 660 2016 (L.
692 1960 760 2017 Sp.
793 1958 877 2002 978
912 1959 989 2001 sub
1016 1960 1189 2018 Alysso)
1224 1960 1335 2004 foliis
1362 1959 1607 2003 lanceolatis
1634 1959 1810 2016 integris
1837 1959 1901 2002 vel

216 2026 374 2061 remote
402 2019 600 2072 dentatis,
630 2018 809 2061 racemis
837 2018 1066 2062 fructiferis
1099 2019 1258 2073 densis,
1289 2019 1466 2063 siliculis
1493 2018 1699 2076 pedicello
1733 2019 1898 2072 stricto,

216 2077 497 2120 insidentibus
517 2077 771 2121 tomentellis
789 2076 983 2132 oblongis
1001 2078 1541 2134 subcompresso-tumidis‚
1563 2077 1797 2121 seminibus
1815 2078 1902 2120 fere

217 2136 371 2193 apteris
400 2137 453 2191 Θ
481 2137 529 2178 Β.
561 2137 716 2178 incana
765 2135 837 2179 Dc.
875 2136 955 2178 loc.
987 2136 1077 2189 cit.,
1108 2151 1147 2193 p.
1181 2135 1281 2179 291.
1314 2136 1448 2180 Rchb.
1485 2136 1513 2178 f.
1545 2136 1673 2180 4284.
1707 2136 1902 2180 Farsetia

216 2196 369 2237 incana
403 2194 449 2236 R.
482 2195 550 2236 Br.
582 2195 696 2237 Kew.
729 2194 794 2248 lV,
823 2209 865 2251 p.
888 2193 965 2240 97.

274 2267 373 2303 Hab.
397 2266 435 2302 in
461 2266 575 2304 siccis
608 2271 645 2304 et
679 2267 727 2304 ad
763 2267 847 2304 vias
885 2265 1127 2304 Macedoniae
1157 2264 1314 2321 (Friv.)
1352 2268 1452 2305 inter
1483 2266 1616 2304 Nissia
1655 2271 1693 2304 et
1731 2266 1901 2305 Ostrovo

219 2322 396 2378 (Orphl)‚
422 2325 576 2363 Tauriae
599 2325 733 2376 (MR),
758 2324 922 2364 Caucasi
948 2324 1116 2376 (O.A.M.
1142 2325 1333 2378 Hohenl).

278 2389 352 2428 Ar.
385 2389 548 2440 Geogr.
588 2392 747 2440 Europa
774 2393 854 2430 bor.
882 2396 920 2430 et
943 2393 1084 2440 media,
1108 2392 1327 2442 Songaria,
1354 2392 1498 2432 Sibiria
1522 2392 1678 2432 Altaica
1707 2396 1745 2431 et
1767 2393 1902 2432 Baica-

221 2451 353 2489 lensis.

279 2587 336 2649 B.
365 2586 671 2629 mutabilis
712 2586 849 2642 (Vent.
890 2587 1000 2630 hort.
1036 2588 1162 2642 Cels„
1208 2603 1303 2646 pag.
1334 2597 1373 2633 et
1411 2589 1494 2632 tab.
1525 2589 1582 2633 85
1609 2590 1688 2633 sub
1714 2589 1903 2647 Alysso.)

221 2644 330 2685 foliis
357 2643 598 2686 lanceolatis
627 2645 685 2685 vel
715 2645 1156 2700 oblongo-linearibus
1185 2648 1361 2705 integris
1388 2647 1539 2703 acutis,
1579 2649 1757 2692 racemis
1790 2649 1904 2691 fruc-

224 2702 352 2765 tiferis
383 2702 864 2765 ‘laxiusculiffi'siliculis
906 2705 1121 2760 pediccllis
1162 2707 1478 2763 erecto-patulis
1521 2706 1700 2750 suffultis
1743 2706 1904 2763 glabris

224 2760 414 2816 ellipticis
443 2761 863 2817 plano-compressis,
893 2763 1125 2809 seminibus
1142 2765 1364 2809 latiuscule
1392 2765 1712 2822 marginatis&
1741 2766 1792 2808 B.
1811 2780 1907 2822 pro-

223 2819 416 2860 cumbens
447 2819 688 2861 l'ortensch.
720 2820 872 2862 Enum.
903 2821 1035 2865 Dalm.
1068 2839 1109 2881 p.
1137 2824 1210 2877 45,
1239 2824 1373 2867 Rchb.
1405 2824 1431 2866 f.
1454 2823 1585 2869 40286.
1616 2824 1659 2866 Β.
1680 2825 1906 2867 ascendens

224 2875 266 2918 C.
298 2875 426 2919 Koch.
458 2875 577 2919 Linn.
609 2876 694 2929 XV,
722 2892 763 2934 p.
795 2877 894 2920 257.
