2021 3235
246 70 345 107 Hab.
372 70 409 106 in
435 68 585 106 Libano
612 66 715 104 circa
739 64 850 103 Eden
874 68 912 102 et
935 65 983 102 ad
1009 65 1150 104 cedros
1176 62 1257 118 (ΒΗ
1283 63 1410 103 Gaill!
1431 62 1463 118 ).

245 129 438 166 Auctores
472 128 509 164 in
539 125 613 165 hac
641 125 830 163 varietate
854 125 985 173 magni
1006 125 1152 163 faciunt
1175 125 1335 174 gibbum
1361 135 1524 171 parvum
1547 122 1597 159 ad
1621 122 1873 161 insertionem

185 188 306 236 petali
331 187 528 224 inferioris
552 185 709 223 obvium
734 184 804 221 sed
828 184 893 232 qui
914 184 953 221 in
975 184 1062 222 aliis
1093 183 1228 222 formis
1263 184 1350 231 plus
1383 183 1507 220 minus
1541 181 1769 220 manifestus
1800 185 1872 220 est.

242 253 317 293 Ar.
350 253 513 303 Geogr.
551 253 712 301 Europa
742 251 891 301 media,
924 251 1018 290 Eur.
1054 251 1237 290 australis
1273 252 1312 288 in
1338 251 1558 299 montibus,
1593 249 1759 300 Sibiria,
1794 250 1872 288 Da-

183 315 308 353 huria.

240 452 294 496 G.
327 450 546 495 tenella
588 447 761 504 <Ledeb.
792 447 897 489 Bull.
928 447 998 489 Ac.
1031 446 1198 502 Petrop.
1232 446 1285 498 Il,
1315 459 1357 502 p.
1389 444 1493 502 213)
1536 444 1687 488 tubere
1714 443 1867 497 solido,

181 510 298 553 caule
326 508 442 552 tenui
468 506 634 563 gracili,
664 505 774 548 foliis
801 505 979 548 caulinis
1006 503 1077 547 023
1104 503 1349 547 biternatim
1376 503 1500 547 sectis
1526 502 1691 546 laciniis
1718 502 1868 546 oblon-

179 568 243 624 gis
271 567 387 624 apice
414 566 703 609 obtusiuscule
730 564 808 607 25
827 563 938 615 fidis,
967 574 1135 606 racemo
1154 562 1655 619 paucissorolaxiusculo,
1684 560 1868 605 bracteis

179 625 521 682 ovato-ellipticis
558 624 753 680 atrinque
787 621 864 665 1-9
895 621 1094 674 dentatis,
1139 623 1301 664 calcare
1345 628 1461 664 recto
1503 620 1673 674 obtuso,
1715 620 1869 677 siliqua

179 684 612 741 oblongo-lanceolata
649 690 708 731 26.

236 757 340 795 Hab.
364 757 402 794 in
427 756 603 794 Caucaso
629 754 679 791 ad
700 752 959 801 Georgiewsk
983 746 1130 806 (Wilhl
1161 743 1331 789 Nordm!
1351 748 1382 801 ).

235 825 296 862 An
322 824 445 862 forma
480 823 521 861 C.
555 817 741 866 solidoe?‚·
764 821 893 859 differt
928 821 1038 859 caule
1072 819 1259 868 tenuiori,
1292 830 1449 857 racemo
1475 818 1626 867 laxiori,
1652 817 1865 866 praesertim

178 885 347 922 bracteis
369 882 655 931 paucidentatis
691 881 742 932 (v.
767 892 797 918 s.
820 880 859 917 in
877 880 986 918 herb.
1013 876 1214 931 Ledeb!).

235 1055 288 1099 C.
317 1051 705 1109 anqustifolia
733 1048 837 1106 (ΜΒ.
868 1049 994 1091 Taur.
1025 1047 1150 1092 Cauc.
1183 1049 1237 1102 II,
1263 1063 1304 1106 p.
1327 1046 1411 1090 146
1438 1048 1517 1091 sub
1534 1047 1763 1105 Fumarici)
1795 1054 1863 1091 tu-

174 1114 274 1156 bere
302 1125 431 1169 parvo
460 1110 610 1161 solido,
641 1108 750 1151 foliis
777 1106 1023 1150 biternatim
1051 1108 1175 1151 sectis
1203 1106 1433 1164 segmentis
1460 1107 1503 1149 in
1531 1106 1705 1150 lacinias
1730 1106 1864 1149 linea-

175 1186 241 1215 res
268 1170 433 1228 partitis
451 1205 460 1223 ,
490 1181 659 1211 racemo
686 1166 920 1224 paucissoro
948 1165 1166 1209 fructifero
1194 1172 1363 1219 erecto,
1392 1165 1576 1209 bracteis
1603 1165 1864 1221 oblongo-li-

172 1230 373 1273 nearibus
401 1227 518 1285 apice
547 1226 782 1269 tridentatis
808 1226 873 1268 vel
898 1224 1068 1278 trifidis,
1112 1226 1276 1268 calcare
1310 1224 1430 1282 apice
1462 1224 1663 1268 deorsum
1691 1229 1864 1267 curvato

174 1289 341 1342 obtuso,
371 1287 542 1344 capsula
569 1285 719 1327 lineari
748 1284 953 1341 pedicello
979 1282 1057 1326 2-{3
1083 1284 1152 1341 plo
1179 1283 1362 1340 longiori
1398 1291 1434 1332 26
1451 1318 1458 1325 .
1502 1282 1549 1326 C.
1579 1284 1864 1340 anqustisolia

172 1361 239 1391 Dc.
273 1347 377 1404 Syst.
402 1346 455 1398 ll,
484 1359 526 1401 p.
548 1342 647 1386 120.

227 1419 327 1456 Hab.
346 1418 384 1455 in
404 1416 629 1455 nemoribus
647 1414 812 1453 Caucasi
831 1411 970 1469 (MR),
987 1413 1126 1452 Iberiae
1142 1411 1324 1468 (Hohen!
1348 1408 1503 1469 Szowl)
1520 1413 1679 1452 ditionis
1688 1412 1862 1463 'Palysch

171 1475 350 1531 (Hohl),
376 1476 522 1515 Persiae
548 1474 720 1513 borealis
751 1467 923 1525 (Buhse!
954 1466 1144 1526 Bunge!).

228 1546 275 1584 A.
308 1545 349 1584 C.
380 1545 504 1583 solidet
541 1543 690 1582 laciniis
729 1543 1021 1591 angustioribus
1059 1546 1097 1580 et
1131 1542 1347 1591 praesertim
1382 1542 1548 1590 capsula
1569 1541 1650 1580 fere
1677 1542 1858 1590 pollicari

171 1604 237 1644 1-1
261 1602 312 1658 ²s⁴
342 1606 408 1643 lin.
433 1605 514 1642 lata
538 1603 732 1641 distincta.
760 1598 901 1640 Flores
926 1601 1007 1639 fere
1032 1602 1244 1651 pollicares
1269 1601 1414 1640 carnei.

228 1670 303 1711 Ar.
337 1670 502 1721 Geogr.
528 1670 670 1708 Rossia
695 1668 891 1707 australis.

285 1843 304 1899 ξ
336 1841 376 1884 2.
419 1840 800 1942 Tubertelo'nqatus
826 1839 993 1895 inferne
1019 1838 1060 1881 bi
1086 1839 1151 1881 vel
1180 1838 1400 1881 tricruris.
1441 1837 1594 1882 Caulis
1622 1838 1713 1882 basi
1729 1852 1858 1895 squa-

489 1914 560 1942 ma
582 1913 647 1941 us.

228 2026 281 2070 C.
309 2024 634 2081 pauciflora
661 2021 822 2079 (Steph.
854 2021 894 2064 in
925 2020 1066 2065 Willd.
1089 2021 1164 2075 ΙΙΙ,
1183 2035 1226 2078 p.
1246 2020 1324 2064 861
1359 2021 1438 2064 sub
1452 2019 1681 2078 Fumarici)
1709 2021 1860 2077 glauca

168 2083 317 2127 tubere
345 2081 577 2141 cylindrico
603 2082 728 2137 longe
754 2079 827 2123 23
853 2079 1032 2133 hicruri,
1062 2079 1173 2123 foliis
1199 2079 1380 2124 caulinis
1407 2079 1481 2122 M
1503 2080 1628 2136 longe
1646 2079 1860 2136 petiolatis

168 2141 351 2185 trisectis
392 2139 620 2198 segmentis
661 2139 881 2183 sessilibus
922 2139 965 2182 in
1004 2138 1180 2182 lacinias
1222 2138 1634 2195 obovato-oblongas
1673 2138 1858 2195 partitis,

168 2214 337 2266 racemo
362 2199 596 2257 paucissoro
624 2199 774 2252 denso,
802 2197 987 2263 bracteis
1014 2197 1208 2263 ellipticis
1236 2197 1414 2263 integris
1442 2196 1669 2254 pedicellos
1686 2201 1860 2269 aequan-

166 2259 493 2375 ἶὲῖξίἱρῗῧξὲἒὲ
519 2271 689 2365 33¹2?
700 2256 1251 2372 5355522203335PE233‘?
1277 2255 1861 2372 ifibff⁰3¹ffieig¹sffiui3.⁰1lij

168 2376 251 2419 tab.
281 2375 322 2419 9.
353 2375 507 2419 Ledeb.
539 2373 594 2417 Ic.
626 2374 686 2417 Fl.
718 2374 836 2417 Ross.
869 2373 953 2417 tab.
982 2372 1083 2417 450.
1108 2372 1156 2417 C.
1188 2373 1438 2418 Emanueli.
1469 2373 1680 2431 C.A.Mey.
1702 2373 1855 2416 Enum.

200 2470 206 2477 .
238 2433 349 2477 176!

166 2449 192 2491 p
224 2506 325 2544 Hab.
352 2506 390 2542 in
414 2505 576 2552 regione
601 2504 735 2552 alpina
759 2503 923 2543 Caucasi
941 2504 1068 2542 occid.
1095 2501 1307 2559 (C.A.Mey
1325 2502 1368 2553 !).

224 2573 372 2610 Plantae
395 2571 570 2610 Sibiricae
595 2571 744 2608 similis.
772 2571 912 2608 Flores
933 2570 1113 2610 violacei.

222 2639 268 2691 β.
297 2636 473 2679 nivalis.
503 2634 728 2691 Segmenta
745 2635 1007 2692 petiolnlata,
1024 2634 1190 2679 laciniae
1208 2634 1464 2678 abbreviatae
1482 2631 1858 2690 oblongo-spathu-

162 2698 271 2739 latae.
307 2694 353 2738 C.
383 2694 542 2737 nivalis
568 2693 702 2737 Boiss.
733 2700 773 2736 et
799 2693 924 2737 Huet.
954 2693 1104 2750 Diagn.
1136 2693 1225 2738 Ser.
1257 2694 1310 2747 ΙΙ,
1339 2693 1389 2747 V,
1418 2707 1458 2750 p.
1481 2692 1552 2737 16.

222 2767 323 2805 Hab.
346 2766 383 2803 in
406 2764 596 2814 lapidosis
612 2764 786 2813 regionis
803 2764 944 2813 alpinae
959 2764 1153 2804 Armeniae
1168 2765 1347 2804 Turcicae
1363 2765 1413 2803 ad
1434 2763 1652 2803 Gamuchlu
1680 2763 1798 2813 (Huet
1809 2759 1854 2813 Σ).
