2021 3235
1021 135 1105 182 590

231 237 426 283 dentibus
463 232 701 278 {annullatis
737 231 870 275 aculis
907 230 1099 286 margine
1137 226 1497 279 membranaceis,
1542 227 1697 273 lamina
1734 233 1912 275 cuneata

232 299 281 340 ml
325 303 515 353 quartani
560 301 718 350 partein
765 290 926 343 biloba,
968 301 1137 331 coronm
1182 287 1367 331 minimae
1411 287 1573 331 laciniis
1616 289 1771 343 ovalis,
1814 305 1911 347 cap-

233 357 398 399 sum...
433 360 497 404 O.

289 425 387 462 Hab.
418 424 453 460 in
487 422 637 458 saxosis
667 420 809 468 apricis
851 417 1088 465 Pamphyliae
1124 416 1173 452 ad
1207 415 1423 454 Kourmalu
1461 428 1583 465 prope
1610 417 1752 455 Adalia
1786 422 1824 455 et
1862 419 1911 456 ad

232 497 355 533 prom.
382 483 508 530 Alaya
532 473 726 530 (Heldrl).

293 552 426 588 Planta
450 546 526 588 6-8
551 548 694 595 pollic.,
722 546 864 582 racemi
883 543 1081 591 simplices
1107 539 1137 579 4
1161 542 1370 589 pollicares
1391 540 1464 581 7-8
1481 543 1580 581 flori.
1602 542 1725 592 Calyx
1748 542 1776 583 6
1792 545 1915 582 lineas

232 613 381 658 longus,
407 608 536 656 petala
559 618 673 643 rosea
696 606 756 641 vel
779 605 879 648 alba,
905 603 1079 640 ovarium
1103 601 1174 639 sub
1193 601 1344 639 anthesi
1364 602 1611 651 carpophoro
1638 604 1911 652 aequilongum.

231 670 389 719 Species
412 667 570 705 floribus
595 665 796 702 sessilibus
821 666 858 699 et
882 663 1051 700 bracteis
1077 661 1228 708 magnis
1253 660 1440 712 insignis3
1468 662 1583 711 calyx
1608 661 1648 701 S.
1672 674 1913 702 racemosam

229 729 359 775 refert,
386 739 470 764 enm
494 725 731 763 fructiferum
758 734 833 760 non
866 722 944 759 vidi
969 721 1038 758 sed
1072 731 1120 757 ex
1147 720 1279 758 habitu
1306 721 1417 769 apice
1442 726 1684 761 contractum
1712 735 1799 761 esse
1824 735 1905 762 sus-

235 789 356 837 picor.

288 928 338 972 S.
372 924 628 982 pendula
669 922 733 977 (L.
764 920 832 977 Sp.
864 919 966 976 599)
1002 919 1186 976 crispul‘e
1215 919 1471 976 pubescenS‚
1501 920 1696 964 caulibus
1725 922 1813 965 basi
1842 923 1914 965 do-

235 983 530 1029 cunibentibns
558 994 740 1038 superne
768 979 1007 1022 dichotome
1036 978 1239 1031 ramosis,
1284 978 1393 1021 soliis
1428 979 1611 1035 oblongo
1630 1005 1647 1011 -
1667 981 1915 1037 spathulatis

233 1044 447 1088 floralibus
474 1037 947 1096 oblongo-lanceolatis,
987 1036 1164 1079 floribus
1191 1038 1280 1080 laxe
1309 1037 1539 1081 racemosis
1566 1039 1818 1094 pedunculis
1846 1054 1914 1083 ca-

231 1105 319 1152 lyce
339 1100 603 1144 brevioribus
622 1096 849 1140 fructiferis
870 1095 1225 1153 paullo-infractis
1242 1095 1440 1149 suffultis,
1462 1098 1603 1154 calyce
1622 1097 1735 1141 hirto
1754 1099 1916 1143 rubello

232 1153 446 1217 decagono
474 1173 494 1201 e
521 1157 610 1200 basi
639 1155 883 1199 umbilicata
908 1154 1092 1210 oblongo
1119 1154 1318 1198 dentibus
1339 1154 1470 1197 ovalis
1488 1155 1667 1210 obtusis,
1697 1156 1916 1201 fructifero

232 1218 583 1263 ovoideo-clavalo
610 1216 771 1267 inflato,
814 1213 971 1256 lamina
1007 1216 1128 1256 rosea
1166 1217 1322 1269 magna
1353 1213 1582 1257 obcordata
1608 1216 1669 1258 vel
1698 1215 1913 1272 bipartita,

232 1292 398 1322 coronae
428 1275 588 1318 laciniis
615 1273 809 1329 oblongis
837 1271 1060 1328 elongatiS‚
1089 1273 1260 1329 capsula
1281 1275 1400 1315 ovata
1419 1273 1686 1330 carpophoro
1704 1275 1915 1332 subduplo

233 1336 439 1393 longiore,
468 1333 701 1377 seminibus
729 1331 832 1375 facie
861 1337 902 1374 et
918 1331 1044 1374 dorso
1062 1330 1197 1387 planis
1216 1330 1405 1374 seriatim
1423 1331 1699 1376 tuberculatis
1728 1340 1791 1385 Θ.
1823 1333 1911 1378 Bot.

233 1396 338 1452 Mag.
369 1394 453 1437 tab.
486 1391 584 1435 llll.
616 1391 748 1434 Rchb.
780 1391 808 1432 f.
840 1388 968 1433 5070.

290 1468 390 1506 Hab.
417 1467 454 1503 in
489 1464 602 1504 cultis
641 1463 766 1501 Cretae
790 1466 827 1501 et
850 1462 970 1511 Cypri
996 1461 1061 1512 (ex
1086 1459 1265 1513 Sibthl),
1290 1461 1394 1500 Asiae
1418 1461 1580 1500 minoris
1616 1463 1665 1501 ad
1705 1462 1917 1512 Smyrnam

236 1526 360 1578 (Auch
378 1524 421 1576 !).
445 1525 504 1562 Fi.
527 1535 631 1562 vere.

290 1593 361 1633 Ar.
395 1598 552 1642 Geogr.
585 1591 800 1638 Lusitania,
826 1589 1016 1638 Hispania
1043 1592 1082 1627 et
1103 1588 1218 1626 Italia
1241 1591 1450 1628 australeS.

287 1733 338 1777 S.
370 1729 663 1776 trinervia
694 1727 807 1784 (Sel).
840 1734 879 1770 et
907 1726 1038 1769 Maur.
1070 1725 1116 1768 Fl
1166 1726 1342 1769 Roman.
1375 1740 1414 1784 p.
1449 1725 1551 1784 152)
1580 1727 1676 1784 pilis
1704 1728 1916 1784 adpressis

231 1791 319 1834 basi
356 1787 634 1833 tuberculosis
669 1786 920 1843 pubescenS‚
959 1785 1077 1828 caule
1114 1784 1358 1828 dichotomo
1393 1785 1522 1829 ramis
1556 1785 1693 1842 longis
1734 1787 1918 1830 tenuiter

230 1850 416 1905 virgatis,
462 1847 568 1890 foliis
596 1853 750 1903 praeter
775 1844 931 1901 pubem
958 1844 1130 1886 brevem
1158 1843 1309 1887 ciliatis
1335 1844 1494 1888 infimis
1521 1845 1916 1900 oblongo-lanceo-

231 1910 325 1952 latis
360 1906 523 1951 caeteris
560 1904 809 1956 linearibus,
853 1902 1029 1945 floribus
1057 1902 1243 1945 breviter
1271 1903 1528 1959 pedicellatis
1557 1903 1731 1956 striclis,
1775 1905 1916 1962 calyce

231 1969 280 2011 ad
310 1980 459 2009 nervos
486 1966 664 2007 elexatos
691 1962 790 2006 setis
817 1961 980 2005 crebris
1008 1975 1029 2004 e
1056 1960 1289 2005 tuberculis
1316 1963 1419 2005 ortis
1438 1976 1609 2005 sursum
1628 1962 1813 2005 curvatis
1831 1977 1917 2006 sca-

231 2027 351 2069 brido
392 2026 585 2079 elongato
626 2029 803 2077 anguste
845 2021 1003 2064 clavato
1045 2020 1245 2063 dentibus
1287 2020 1549 2075 lanceolatis,
1593 2021 1750 2064 lamina
1790 2025 1917 2078 parva

227 2088 349 2128 rosea
375 2083 425 2126 ad
453 2081 638 2124 medium
667 2079 883 2138 bipartita,
913 2093 1083 2122 coronae
1110 2078 1277 2122 laciniis
1301 2079 1501 2124 brevibus
1519 2079 1736 2123 interdum
1756 2080 1914 2134 bifidis,

226 2144 395 2200 capsula
422 2141 602 2195 oblonga
629 2139 894 2196 carpophoro
923 2137 1279 2195 sesquilongiore‚
1310 2138 1547 2182 seminibus
1574 2138 1751 2181 minutis
1777 2139 1917 2181 luber-

228 2202 376 2245 culaffls
409 2199 512 2243 facie
545 2198 737 2241 concavis
774 2197 901 2240 dorso
936 2196 1214 2253 planiusculis
1260 2202 1326 2248 (D.
1372 2198 1418 2241 S.
1456 2197 1655 2252 Gallinyi
1682 2197 1821 2241 Heuff.
1854 2197 1912 2241 Fl.

229 2261 372 2304 Banat.
404 2273 444 2316 p.
476 2257 544 2300 35.
576 2257 709 2300 Rchb.
740 2256 768 2298 f.
799 2254 928 2298 5069.

287 2331 385 2367 Hab.
412 2331 449 2366 in
473 2329 594 2365 vineis
620 2333 658 2364 et
690 2327 854 2365 collibus
879 2325 993 2364 siccis
1017 2323 1258 2362 Macedoniae
1283 2328 1320 2363 et
1353 2324 1533 2363 Thraciae
1565 2321 1706 2378 (Frivl
1743 2317 1912 2376 Orphl),

229 2389 387 2428 Graeciae
410 2389 447 2426 in
472 2386 680 2424 Thessalia
703 2386 753 2424 ad
773 2384 926 2423 radices
950 2384 1108 2433 Olympi
1126 2382 1262 2436 (Heldr
1278 2381 1315 2437 1),
1333 2385 1482 2423 Baeotia
1501 2388 1540 2422 et
1557 2384 1704 2422 OEtolia
1715 2384 1860 2434 (Sprun
1874 2386 1912 2435 l),

230 2449 404 2487 Laconia
429 2446 586 2501 (Heldrl
624 2442 801 2498 Orph!)‚
839 2444 1037 2484 Messenia
1067 2444 1118 2482 ad
1151 2444 1346 2493 Anavryti
1369 2443 1588 2495 (Heldr!)‚
1629 2444 1762 2483 insula·
1796 2444 1914 2483 Chios

231 2507 371 2558 (Auch.
397 2518 464 2546 exs
487 2503 626 2556 4571).
652 2505 712 2543 Fl.
738 2515 846 2543 vere,

285 2566 394 2615 Saepe
418 2565 624 2616 bipedalis,
657 2563 751 2602 folia
782 2565 962 2612 angusta,
990 2563 1106 2612 calyx
1130 2560 1207 2604 7-8
1232 2563 1356 2602 lineas
1378 2563 1536 2611 longus.
1561 2562 1700 2600 Affinis
1737 2560 1778 2602 S.
1807 2563 1918 2602 echi-

227 2630 326 2665 natae
351 2625 456 2664 Otth.
483 2636 569 2674 quae
593 2624 721 2662 differt
750 2623 911 2661 fioribus
935 2622 1184 2661 inferioribus
1216 2623 1413 2672 alaribus,
1440 2622 1735 2661 inflorescentia
1758 2635 1919 2673 corym-

230 2687 522 2734 boso-cymosa‚
547 2684 691 2721 lamina
712 2682 878 2731 longiori
903 2682 1077 2720 breviter
1092 2682 1246 2732 biloba,
1275 2685 1349 2721 etc.

285 2742 360 2782 Ar.
394 2742 554 2794 Geogr.
590 2742 703 2781 Italia
729 2741 879 2787 media,
903 2741 1092 2780 Banatus.

283 2872 333 2915 S.
366 2871 587 2915 Gallica
627 2868 689 2924 (L.
721 2868 788 2925 Sp.
820 2866 923 2925 595)
962 2868 1102 2924 patule
1129 2867 1294 2911 hirsuta
1322 2881 1505 2924 superne
1534 2867 1741 2910 viscidula
1761 2902 1770 2920 ,
1799 2867 1916 2909 caule

228 2929 404 2986 simplis-i
435 2929 494 2972 vel
522 2928 780 2982 dichotomo,
809 2926 987 2969 ssoribus
1015 2926 1290 2969 inserioribus
1321 2926 1478 2970 racemi
1508 2926 1675 2983 longius
1701 2926 1916 2983 peduncu-
