2021 3235
869 54 954 99 835

73 146 228 191 semine
267 145 672 189 ovalo-tuberculalo
715 153 774 194 26.
822 145 951 188 Buxh.
997 145 1114 189 Cenl.
1158 147 1206 200 V,
1250 149 1355 205 App.
1401 149 1470 205 fig.
1513 149 1585 193 32.
1628 151 1747 209 Jacq.

71 205 247 248 Vindob.
277 205 328 258 ΙΙ,
360 205 443 247 [ab.
475 203 575 247 1402.
605 203 729 247 laub.
761 211 800 247 el
835 203 903 261 Sp.
942 206 1019 248 loc.
1060 205 1130 249 cit.
1173 206 1255 249 lab.
1292 206 1392 250 444.
1438 208 1496 251 Μ.
1535 211 1752 264 cymbala-

74 264 252 320 riaefolia
279 263 395 307 Desr.
428 263 471 305 in
498 262 601 306 Dicl.
634 262 801 320 Encycl.
833 263 907 316 ΙΙΙ,
939 277 978 321 p.
1012 262 1111 306 753.

128 335 225 373 Hab.
251 335 289 372 in
313 336 426 373 cultis
451 334 649 372 derelictis
674 338 711 372 et
733 334 926 372 rudet-atis
950 333 1112 374 Graeciae
1134 337 1183 374 ad
1208 336 1381 374 Athenas
1414 336 1595 389 (Simu),
1623 339 1752 379 Mace-

71 395 196 432 doniae
219 393 433 444 (Griseb.),
459 393 637 442 Byzantii
679 390 860 447 (Simu),
890 394 1129 443 Pamphyliae
1167 392 1377 445 (Heldrl),
1402 394 1549 435 Ciliciae
1572 400 1752 438 littoralis

71 451 216 503 (Ball),
242 454 362 502 Syriae
387 457 425 491 et
449 453 654 491 Palestinae
677 453 794 491 totius
821 451 915 505 (Kyl
944 447 1094 493 Boiss.!
1123 454 1336 505 Hausskl),
1365 455 1562 495 Armeniae
1579 458 1752 497 Ponticae

71 514 120 551 ad
148 513 307 551 Batonm
333 509 445 565 (Calv
463 505 506 560 Ι),
536 525 643 561 prov.
668 513 1090 552 Trauscaucasicamm
1116 514 1271 565 (Hohcn
1289 511 1335 568 !).
1363 514 1420 552 Fl.
1447 514 1657 565 Apr.-Jun.

130 577 203 617 Ar.
238 584 396 628 Geogr.
433 579 624 627 Hispania
648 580 822 617 interior.

652 736 781 783 SlDA.
820 736 878 797 (1..
913 736 1010 784 Gen.
1047 736 1169 785 837).

130 873 352 916 Bracteolae
380 872 458 915 sub
485 873 623 930 calyce
652 873 794 917 nullae.
825 873 947 932 Calyx
985 873 1011 916 5
1039 874 1163 918 fidus.
1195 873 1298 932 Styli
1326 875 1526 929 connati,
1564 875 1761 933 stigmata

73 939 263 976 truncata
294 932 356 974 vel
392 931 586 988 capitata.
623 931 812 989 Carpella
848 933 1096 976 vei‘licillata
1125 940 1292 977 matura
1319 948 1342 976 a
1371 942 1463 978 loro
1498 935 1758 989 secedentia‚

74 990 228 1034 mutina
266 991 327 1033 vel
368 996 573 1043 rostrata,
610 990 872 1034 dehiscentia
910 993 971 1034 vel
1010 992 1128 1048 apice
1157 992 1362 1046 bivalvia,
1393 992 1506 1036 intus
1543 994 1673 1037 nuda.
1704 1021 1761 1025 —

75 1049 240 1101 Herbae,
269 1048 422 1105 saepius
450 1048 639 1101 frutices,
669 1049 795 1093 flores
825 1050 886 1105 (in
915 1052 1099 1094 nostrisi
1128 1051 1238 1094 ssavi.

129 1180 180 1224 S.
212 1179 592 1224 rhombifolia
620 1178 688 1235 (L.
720 1177 790 1236 Sp.
821 1178 931 1237 961)
968 1180 1241 1236 glabrescens
1283 1183 1345 1225 vel
1387 1195 1515 1239 parce
1556 1183 1759 1238 velulina‚

72 1238 180 1282 foliis
207 1252 228 1281 e
254 1237 344 1281 basi
372 1239 806 1281 rotundato-cuneata
832 1238 1029 1295 oblongis
1046 1240 1249 1292 crenalis,
1280 1240 1446 1298 stipulis
1473 1242 1670 1295 setaceis‚
1691 1257 1761 1300 pe-

73 1297 263 1340 dunculis
291 1311 419 1354 supra
445 1297 634 1340 medium
662 1296 898 1340 articulatis
925 1298 1080 1354 petiolo
1099 1298 1467 1355 sublongioribus,
1488 1301 1641 1359 calycis
1658 1302 1761 1345 tubo

73 1356 376 1458 sgbangulalffi
405 1356 600 1413 carpellis
636 1355 761 1411 longe
789 1355 1020 1400 biaristatis
1056 1364 1092 1406 26
1136 1358 1200 1400 vel
1227 1365 1264 1407 5.
1296 1358 1342 1402 S.
1382 1360 1585 1416 abnifolia
1613 1361 1656 1402 L.
1687 1361 1756 1418 Sp.

73 1415 99 1458 9
133 1416 150 1458 1
172 1415 192 1457 ‘l

128 1479 227 1517 Hab.
253 1480 288 1516 in
314 1490 434 1526 regno
459 1478 630 1515 Mascate
657 1477 811 1515 Arabiae
833 1477 975 1523 (Auch.
1003 1491 1085 1517 exs.
1112 1474 1310 1536 42801).

128 1537 285 1586 Species
310 1537 534 1586 subtropica
556 1540 594 1575 et
618 1537 771 1585 tropica
795 1538 861 1574 vix
886 1543 1029 1576 nostrae
1053 1539 1227 1586 ditionis,
1255 1540 1471 1588 specimina
1496 1545 1633 1579 nostra
1658 1546 1699 1581 ut
1724 1547 1763 1580 et

74 1597 225 1636 Nubica
244 1610 266 1635 a
290 1598 423 1646 planta
445 1596 680 1635 Amerioana
704 1597 807 1635 foliis
832 1597 917 1635 basi
938 1599 1061 1636 minus
1082 1600 1259 1637 cuneatis
1284 1605 1321 1638 et
1341 1600 1575 1648 pedunculis
1600 1603 1761 1640 subbre-

72 1658 242 1696 vioribus
268 1663 414 1696 tantum
448 1657 642 1695 differunt.

127 1714 202 1754 Ar.
234 1715 392 1766 Geogr.
426 1716 560 1754 Amer.
588 1716 757 1765 tropica,
787 1716 922 1754 Africa
946 1718 1108 1766 tropica,
1136 1718 1247 1756 India
1272 1718 1489 1758 orientalis.

126 1871 177 1915 S.
204 1870 562 1928 grewioides
596 1869 738 1926 (Guill.
771 1876 808 1912 et
839 1869 956 1912 Perr.
989 1869 1049 1912 Fl.
1079 1869 1227 1926 Seneg.
1262 1870 1296 1924 Ι,
1325 1884 1364 1927 p.
1398 1870 1500 1928 71),
1533 1871 1757 1916 suffrutes-

69 1943 166 1973 cens
192 1943 296 1973 cano
313 1954 331 1961 -
347 1935 610 1981 tomentosa,
649 1928 759 1971 foliis
786 1928 971 1984 oblongo
989 1953 1007 1959 -
1024 1928 1157 1972 ovatis
1184 1928 1347 1973 obtusis
1374 1929 1524 1973 obtuse
1552 1931 1754 1987 crenatis,

69 1988 231 2044 stipulis
246 1987 495 2041 linearibus,
524 1987 776 2044 pedunculis
792 1987 949 2045 petiolo
966 1986 1084 2030 brevi
1103 1987 1454 2045 subaequilongis‚
1484 1989 1637 2046 calycis
1653 1991 1756 2034 tubo

69 2048 280 2103 angulato,
309 2047 502 2104 carpellis
529 2046 646 2090 valde
675 2046 841 2102 rugosis
869 2059 1073 2089 mucrone
1099 2046 1314 2089 terminali
1340 2061 1488 2091 versus
1516 2048 1610 2091 axin
1638 2049 1756 2092 incli-

70 2112 165 2149 nato
192 2105 439 2149 brevissimo
468 2113 504 2154 5.

127 2168 224 2207 Hab.
250 2170 285 2206 in
311 2169 535 2207 Belutschia
558 2168 735 2206 calidiori
758 2167 921 2218 (Stocks
938 2161 980 2219 !).

127 2227 241 2266 Facie
263 2227 388 2266 affinis
410 2226 448 2266 S.
477 2227 693 2276 cordisoliae
717 2227 786 2266 sed
810 2227 993 2275 carpellis
1020 2226 1100 2264 fere
1124 2227 1276 2265 muticis
1301 2229 1352 2265 ab
1369 2229 1415 2266 ea
1432 2229 1631 2267 distincta.
1658 2229 1754 2279 Spe-

72 2287 148 2324 cies
173 2288 398 2336 subtropica
421 2293 458 2326 et
478 2288 641 2335 tropica.

126 2343 197 2385 Ar.
228 2350 385 2397 Geogr.
418 2346 637 2396 senegalia,
662 2339 805 2395 Nubi'a,
831 2345 1056 2394 Abyssinia‚
1082 2345 1230 2383 Arabia
1256 2345 1362 2383 felix.

69 2506 219 2551 SUBTR.
250 2508 322 2552 Ill.
352 2507 689 2552 ABUTILEAE.
710 2533 770 2540 —-
797 2494 937 2551 Ovula
964 2507 1009 2549 in
1038 2506 1174 2549 loculo
1199 2507 1403 2564 2-plura‚
1427 2508 1519 2551 alia
1542 2509 1752 2566 pendula,

707 2566 798 2609 alia
823 2566 1107 2610 ascendentia.

473 2706 722 2756 ABUT1LON
757 2709 926 2769 <ll-aena.
958 2708 1075 2770 Carp.
1113 2708 1183 2766 ll,
1221 2708 1337 2770 251).

125 2832 347 2877 Bracleolae
374 2835 451 2878 sub
479 2836 617 2893 calyce
645 2836 786 2879 nullae.
825 2836 948 2894 Calyx
983 2835 1010 2878 5
1046 2836 1172 2881 fidus.
1212 2836 1318 2895 Styli·
1350 2838 1520 2893 coalui,
1559 2839 1755 2896 stigmata
