2021 3235
1013 158 1069 202 62

197 263 346 313 argute
373 254 547 298 serratis
579 252 728 296 subtus
753 249 1088 308 pubescentibus
1113 248 1230 292 venis
1255 247 1374 291 valde
1400 245 1672 304 prominulis,
1703 244 1884 288 caulinis

199 324 239 359 et
266 314 484 358 floralibusv
511 309 872 370 palmatipartitis,
902 308 1021 351 caule
1056 306 1133 351 3-5
1174 308 1302 360 floro,
1332 305 1485 363 sepalis
1524 304 1655 348 ovatis
1691 303 1797 347 albis
1823 303 1887 346 vel

199 371 545 425 roseo-suffusis,
590 369 780 413 antheris
815 366 986 410 muticis
1031 374 1092 416 26.
1132 365 1268 423 Hayn.
1308 365 1434 407 Arzn.
1465 364 1550 406 tab.
1583 363 1624 406 2.
1656 363 1716 405 Fl.
1748 362 1882 405 Graec.

199 433 283 475 tab.
316 431 371 474 45
400 431 472 487 (ob
500 430 626 472 flores
654 427 780 471 nimis
807 439 958 483 parvos
991 431 1031 468 et
1057 424 1156 471 solia
1197 423 1262 465 vix
1302 423 1453 480 pedata
1479 422 1620 465 minus
1647 421 1794 478 bona).
1825 420 1883 463 H.

198 492 402 534 Ponticus
430 489 491 531 Al.
522 488 679 541 Braun.
711 486 801 528 lnd.
832 485 942 527 Sem.
974 483 1110 526 Berol.
1143 480 1270 525 1853.

257 561 357 598 Hab.
383 560 421 597 in
448 557 620 595 dumosis
639 561 677 594 et
695 555 899 604 sylvaticis
925 552 1166 590 Macedoniae
1186 554 1223 589 et
1247 550 1431 589 Thraciae
1457 545 1684 603 (Griseb.)‚
1711 549 1889 598 Byzantii

200 617 343 673 (Auch.
368 630 449 657 cXS.
475 613 615 656 4020!
632 613 674 669 )‚
701 614 805 652 Asiae
831 612 992 651 minoris
1016 611 1187 649 borealis
1215 606 1359 663 (Auch.
1396 621 1477 648 exs.
1513 608 1566 650 61
1585 607 1594 648 Σ
1611 606 1650 663 )‚
1686 610 1724 647 in
1756 612 1889 646 monte

198 678 383 728 Aladagh
407 674 603 730 (Wiedem
620 674 628 714 Ξ
647 672 683 728 )‚
711 674 761 711 ad
783 673 947 711 Samsun
983 668 1156 725 (Tchiht
1176 665 1216 722 )‚
1244 670 1294 706 ad
1318 669 1606 718 Trapezuntem
1632 664 1853 722 (Gundelsh
1874 665 1883 706 Σ

199 740 237 777 in
262 738 371 776 herb.
400 736 531 774 Willd.
550 728 675 773 Huet!
706 733 784 781 Ky.
809 732 946 780 Suppl.
972 736 1016 768 n0
1041 726 1293 783 755t).F1.
1320 740 1413 766 vere
1437 732 1475 767 et
1499 729 1652 778 hyeme.

259 806 306 844 H.
332 805 471 843 odorus
493 803 555 841 W.
579 801 632 840 K.
656 800 745 839 huic
769 799 914 848 speciei
933 798 1060 836 affinis
1078 797 1239 836 floribus
1253 795 1444 834 viridibus
1467 807 1540 834 nec
1562 795 1663 834 albis
1684 794 1746 833 vel
1764 794 1892 832 roseis

202 866 251 904 ab
276 866 322 904 ea
345 865 487 903 differt.

260 1015 325 1059 H.
365 1011 720 1058 Caucasicus
748 1007 809 1065 (C.
840 1006 955 1049 Koch
983 1005 1027 1048 in
1060 1006 1124 1049 Al.
1162 1005 1319 1049 Braun.
1355 1005 1435 1048 loc.
1466 1004 1560 1062 cit.)
1588 1003 1891 1061 g laber1‘imus,

201 1073 301 1117 folio
336 1071 529 1115 coriaceo
565 1067 774 1125 digitatim
800 1066 864 1109 vel
891 1064 1160 1121 subpedatim
1187 1071 1301 1108 secto
1329 1063 1558 1120 segmentis
1600 1062 1675 1106 5-7
1719 1063 1894 1106 exterio-

203 1132 321 1175 ribus
349 1130 565 1174 interdum
607 1125 819 1184 bipartitis
860 1123 1059 1167 omnibus
1091 1122 1541 1166 obovato-lanceolatis
1577 1122 1710 1165 acutis
1746 1128 1894 1178 argute

204 1190 377 1233 serratis
420 1189 570 1232 subtus
610 1184 905 1242 prominentes
945 1181 1139 1235 venosis‚
1186 1182 1407 1225 floralibus
1449 1181 1590 1238 parvis
1635 1181 1678 1223 in
1717 1181 1894 1223 lacinias

203 1247 630 1292 lineari-lanceolatas
672 1243 866 1301 partitis,
905 1242 1025 1284 caule
1053 1240 1132 1284 3-4
1172 1241 1306 1294 ssoro,
1337 1240 1489 1297 sepalis
1530 1239 1896 1283 ovato-rhombeis

204 1308 296 1350 basi
323 1305 550 1350 attenuatis
588 1301 850 1346 mucronatis
877 1299 1086 1343 viridibus
1112 1298 1524 1357 purpureo-tinctis,
1559 1298 1749 1342 antheris
1777 1297 1894 1354 apice

206 1365 445 1409 rotundatis
473 1361 641 1406 muticis
679 1369 740 1411 26ss
771 1360 827 1403 H.
862 1359 1020 1402 viridis
1047 1358 1132 1401 ΜΒ.
1172 1359 1298 1402 Taur.
1337 1357 1463 1401 Cauc.
1495 1357 1548 1400 II.
1579 1371 1620 1414 p.
1651 1355 1706 1400 30
1733 1371 1820 1400 non
1847 1356 1893 1398 L.

206 1425 263 1467 H.
297 1423 530 1468 Orientalis
558 1420 711 1464 Ledeb.
744 1419 803 1463 Fl.
836 1418 956 1461 Ross.
988 1430 1074 1460 non
1104 1417 1218 1460 Lam.

266 1497 366 1534 Hab.
391 1496 429 1532 in
456 1494 631 1532 Caucaso
654 1492 812 1530 ‘Iberico
839 1486 984 1544 (Mss.),
1011 1487 1117 1527 cirea
1137 1489 1250 1526 Tiflis
1274 1486 1337 1543 (O.
1363 1487 1479 1526 Koch
1504 1487 1543 1525 in
1567 1486 1677 1526 herb.
1702 1484 1899 1540 Bet-oli),

212 1557 317 1595 circa
340 1554 515 1593 Duschet
539 1556 578 1590 et
600 1551 767 1590 Mzcheti
791 1547 923 1605 (Szow
940 1546 988 1604 !).
1013 1548 1073 1587 Fl.
1097 1549 1223 1598 primo
1250 1560 1356 1586 vere.

272 1624 307 1660 A
331 1621 463 1671 specie
486 1618 723 1669 praeoedenti
746 1616 931 1665 glabritie
953 1615 1173 1654 distinctus.

284 1774 349 1817 H.
393 1771 701 1816 Colchicus
744 1768 893 1826 <Regcl
920 1767 963 1810 in
991 1766 1140 1811 Bullet.
1170 1766 1298 1810 Acad.
1346 1766 1514 1822 Petrop.
1555 1763 1685 1808 1856.
1726 1777 1768 1820 p.
1799 1762 1899 1807 403.

217 1831 419 1877 Gartenss.
452 1829 580 1873 1856.
611 1843 653 1886 p.
684 1827 788 1885 293)
817 1825 1130 1883 glaberrimus,
1164 1825 1263 1868 folio
1291 1824 1466 1868 radicali
1494 1823 1684 1867 solitario
1710 1822 1904 1866 coriaceo

218 1889 557 1948 subpedatisecto
584 1886 815 1943 segmentis
843 1885 913 1928 5-7
947 1899 968 1927 e
996 1884 1086 1928 basi
1113 1887 1328 1928 attenuata
1360 1881 1815 1940 elliptico-lanceolatis
1842 1882 1905 1924 vel

219 1949 409 1994 obovatis
438 1947 572 1990 acutis
600 1951 749 2002 argute
778 1944 952 1988 serratis
978 1943 1098 1987 venis
1113 1942 1388 2001 prominulis,
1416 1942 1535 1985 caule
1552 1940 1789 1998 paucissoro
1806 1939 1905 1982 folio

220 2008 375 2066 saepius
401 2005 613 2058 breviori,
645 2004 798 2061 sepalis
824 2003 990 2046 intense
1017 2001 1249 2059 purpureis
1275 2002 1356 2044 late
1389 2000 1578 2044 obovatis
1605 1998 1907 2042 obtusiusculis

219 2069 412 2123 margine
440 2079 530 2109 sese
558 2062 855 2119 obtegentibus
873 2097 882 2114 ‚
926 2061 1115 2104 antheris
1142 2059 1296 2104 retusis
1333 2067 1394 2109 26.
1425 2059 1482 2102 H.
1530 2057 1786 2101 Causoasetcus
1813 2071 1902 2100 «var.

222 2126 440 2169 Colch-icus
483 2123 623 2178 Roget
670 2121 871 2164 (lartenss.
912 2118 1040 2163 1860.
1088 2119 1171 2162 tab.
1223 2118 1320 2162 293.
1369 2118 1424 2160 H.
1454 2117 1816 2174 ἱρογ’]υΙιρ]’νοηιθίας
1856 2116 1904 2157 Α.

219 2185 359 2227 Braun
388 2190 429 2225 ct
455 2181 639 2224 Bouclie.
671 2180 761 2223 lnd.
792 2179 929 2222 Berot.
966 2177 1094 2221 1861.
1131 2177 1272 2235 pasl-⁰3.

279 2256 379 2293 Hab.
405 2254 444 2291 in
468 2253 654 2291 Colchide
682 2248 860 2305 (Regel).

281 2324 342 2362 Ab
370 2324 416 2361 H.
448 2318 661 2361 Caueasz‘eo
687 2321 819 2360 colore
843 2320 982 2357 florum
1005 2322 1044 2356 et
1065 2317 1211 2367 sepalis
1236 2316 1327 2355 latis
1350 2316 1513 2367 obtusis,
1539 2317 1588 2355 ab
1621 2315 1672 2353 H.
1702 2318 1851 2363 guttam
1875 2317 1912 2352 et

220 2383 432 2423 Abollasieo
455 2383 558 2420 foliis
582 2381 768 2419 solitariis
794 2379 1013 2417 distinctus.

519 2497 562 2537 b.
596 2497 709 2536 Folia
733 2492 923 2535 radicalia
946 2495 1074 2544 plura.

283 2652 348 2695 H.
377 2650 764 2704 antiquorum
792 2645 872 2702 (Al.
905 2645 1047 2688 Braun
1080 2643 1171 2686 Ind.
1210 2642 1322 2686 Sem.
1363 2641 1502 2684 Berol.
1534 2638 1667 2692 1853)
1705 2638 1914 2695 glaberri-

224 2724 345 2761 mus,
382 2708 492 2751 soliis
534 2706 792 2750 radicalibus
818 2703 932 2747 binis
965 2701 1170 2746 coriaceis
1202 2698 1554 2758 subpedatisectis
1581 2697 1812 2755 segmentis
1839 2696 1913 2739 5-7

224 2764 679 2823 oblongo-lanceolatis
707 2762 842 2806 acutis
870 2768 1019 2818 argute
1047 2760 1220 2804 serratis
1246 2759 1363 2803 venis
1390 2758 1540 2801 subtus
1565 2770 1651 2800 non
1668 2755 1916 2813 prominen-

225 2827 356 2879 tibus,
386 2824 608 2867 lloralibus
636 2822 714 2864 8-5
742 2821 856 2876 fidis,
885 2821 1004 2863 caule
1021 2818 1101 2863 3-4
1127 2819 1250 2872 ssoro,
1280 2817 1434 2875 sepalis
1451 2817 1532 2859 late
1560 2815 1691 2858 ovatis
1718 2814 1918 2857 omnibus

226 2883 502 2928 acutiusculis
520 2881 672 2925 albidis
689 2878 1117 2938 purpureo-suffusis.
1140 2876 1331 2921 antheris
1349 2874 1572 2934 apiculatis
1609 2881 1646 2923 26
1661 2908 1669 2916 .
1690 2873 1746 2917 H.
1769 2872 1919 2917 Orien-

229 2943 328 2986 talis
356 2942 445 2984 Bot.
478 2941 581 2997 Reg.
613 2938 727 2982 1842
757 2938 840 2983 tab.
872 2937 930 2981 34
963 2950 1049 2980 non
1077 2936 1193 2980 Lam.
