2021 3235
1003 102 1022 143 ‘l
1033 102 1089 144 94

258 195 358 233 Hab.
384 195 422 232 in
453 194 638 233 Armenia
664 195 835 234 Turcica
871 197 921 234 ad
956 197 1223 235 Maimansour
1253 194 1455 248 (Huetl),
1492 199 1542 235 ad
1577 196 1887 237 Gumuchkhane

201 252 345 305 (Bourg
364 246 372 291 !
391 254 428 304 )‚
455 253 622 302 Specim.
661 254 830 293 florifera
852 255 890 292 in
924 255 1038 305 Syria
1067 257 1151 294 bor.
1187 257 1238 294 ad
1263 257 1330 294 Bir
1354 269 1478 306 prope
1505 258 1745 306 Euphratem
1787 259 1888 297 lecta

196 312 272 351 huc
297 325 451 362 quoque
476 318 657 361 spectare
682 314 876 353 videntur.

257 379 414 428 Siliquae
437 380 707 429 bipollicares,
734 382 929 429 glandulae
951 384 1122 431 placent.
1163 383 1370 431 bipartitae.
1396 383 1430 420 A
1457 384 1608 421 duobus
1633 385 1889 432 praecedenti-

196 440 268 477 bus
291 440 420 477 differt
443 440 619 478 caulibus
639 440 847 479 humilibus
871 440 947 482 4-6
964 443 1231 492 pollicaribus,
1253 442 1355 479 foliis
1374 443 1611 481 radicalibus
1626 444 1888 492 creberrimis,

199 499 378 537 omnibus
401 499 485 537 basi
513 500 629 547 longe
652 500 912 540 filiformibus.

466 637 496 689 -ζ-
527 637 558 689 †
590 639 877 678 Heterotricha.
896 661 955 667 -—-—
979 639 1053 676 Pili
1086 637 1160 678 5-5
1185 638 1250 676 fidi
1276 638 1474 687 bipartitis
1500 639 1622 677 mixti.

255 744 310 787 E.
338 745 714 799 Smyrnaeum
743 744 893 799 (Boiss.
927 751 967 787 et
993 744 1080 787 Bal.
1112 743 1260 800 Diagn.
1294 744 1384 788 Ser.
1416 743 1472 797 ll,
1493 744 1541 797 V,
1562 758 1602 801 p.
1625 743 1699 801 23)
1730 744 1886 797 virens,

197 802 390 846 caulibus
418 802 578 846 foliosis
606 817 791 860 superne
818 802 1089 860 paniculatis,
1119 802 1230 845 foliis
1258 803 1535 845 inferioribus
1564 803 1759 859 oblongis
1787 817 1890 846 run-

197 860 348 904 cinatis
379 863 442 904 vol
476 862 674 914 dentatis,
720 861 1015 917 superioribus
1042 862 1123 904 late
1150 861 1387 905 linearibus
1414 861 1597 905 dentatis
1622 862 1686 904 vel
1713 861 1890 918 integris

196 919 313 976 apice
341 933 453 978 saepo
482 920 689 971 recurvis,
719 920 935 977 pedicellis
963 920 1102 978 calyce
1129 921 1256 977 paulo
1283 920 1571 973 brevioribus,
1602 920 1782 963 floribus
1800 935 1889 963 me-

194 978 431 1032 diocribus,
475 979 640 1036 siliquis
673 978 970 1022 concolorihus
999 979 1320 1036 erecto-patulis
1348 979 1392 1022 in
1420 980 1575 1037 stylum
1604 993 1753 1022 earum
1780 979 1884 1022 latit.

195 1037 568 1094 subaeqnilongum
596 1037 842 1090 attcnuatis‚
887 1037 1083 1094 stigmate
1121 1037 1439 1081 subincrassato
1466 1045 1663 1081 truncato
1705 1039 1775 1093 Θ.
1831 1038 1885 1080 Ε.

193 1110 410 1140 canescens
437 1112 527 1139 ναν.
563 1096 790 1140 Citiczsscum
818 1096 947 1139 Boiss.
982 1096 1130 1154 Diagn.
1164 1096 1252 1140 Ser.
1287 1097 1338 1148 ΙΙ,
1364 1097 1434 1150 Vl,
1463 1110 1503 1153 p.
1526 1096 1596 1139 1⁶2.
1628 1096 1682 1139 Ε.
1706 1097 1888 1139 hieraci-

193 1156 350 1210 folz‘um
393 1156 491 1198 Urv.
534 1156 684 1198 Enum.
717 1170 756 1212 p.
789 1154 837 1197 81
881 1169 966 1197 non
994 1155 1038 1198 L.
1094 1155 1149 1198 E.
1180 1156 1500 1212 crepidisolz'um
1540 1155 1705 1199 Griseb.
1744 1155 1884 1212 Spicil.

196 1213 328 1258 Boiss.
358 1215 467 1257 Ann.
500 1214 564 1258 Sc.
597 1214 688 1257 Nat.
724 1213 855 1265 1862,
885 1228 925 1270 p.
957 1213 1010 1257 78
1038 1228 1124 1257 non
1152 1214 1288 1258 Rchb.

254 1286 353 1324 Hab.
380 1287 416 1323 in
447 1287 637 1334 lapidosis
662 1286 856 1333 Bithyniae
877 1284 1058 1335 (Gi-isch!
1090 1285 1218 1324 Auch.
1247 1297 1328 1324 exs.
1358 1279 1505 1337 1571),
1530 1286 1649 1323 Ioniae
1676 1286 1725 1323 ad
1748 1283 1883 1334 Smyr-

193 1357 281 1382 nam
307 1346 451 1394 (Ball),
469 1347 602 1384 insulae
627 1345 702 1383 Cos
727 1345 823 1392 (Urv
842 1343 880 1397 l),
909 1345 1055 1384 Ciliciae
1079 1345 1167 1395 (Bal
1183 1343 1220 1397 1),
1240 1345 1397 1383 ditionis
1430 1346 1588 1383 Kassan
1613 1344 1717 1394 Oglu
1742 1344 1890 1384 Ciliciae

194 1405 378 1443 Kurdicae
404 1406 485 1456 (Ky
525 1418 603 1443 cxs.
633 1403 718 1444 157
733 1403 769 1456 !),
799 1405 923 1453 Syriae
945 1406 996 1443 ad
1034 1405 1243 1453 Rascheya
1274 1405 1490 1444 Antilibani
1521 1402 1666 1458 (Gaiw
1708 1405 1773 1453 Ky
1807 1416 1888 1442 exs.

196 1463 304 1505 1641
333 1467 418 1504 sub.
443 1466 488 1504 Ε.
513 1466 672 1514 riyidol.

254 1532 457 1571 Glandulae
481 1533 583 1580 plac.
606 1532 801 1580 bipartitae
826 1532 1017 1579 elongatae
1038 1531 1398 1580 conico-subulatae,
1426 1532 1577 1581 siliquae
1614 1527 1748 1584 1¹s2—5
1774 1531 1891 1579 polli—

195 1605 305 1631 cares
328 1593 418 1641 pilis
444 1593 622 1630 omnibus
649 1592 844 1640 bipartitis
867 1592 931 1629 vel
966 1591 1131 1628 ramosis
1155 1592 1291 1639 paucis
1318 1591 1448 1629 mixtis
1472 1591 1623 1629 obsitae.
1650 1591 1818 1628 Habitus
1843 1591 1889 1629 Ε.

193 1653 432 1692 canescentis
458 1657 494 1690 et
521 1650 647 1691 Graeea·
672 1665 694 1689 a
725 1652 864 1700 quibus
888 1650 1128 1699 indumento,
1157 1651 1366 1700 glandulis,
1393 1651 1499 1689 foliis
1534 1650 1645 1688 infer.
1674 1650 1890 1688 runcinatis

195 1711 336 1751 differt.
362 1713 410 1750 E.
445 1713 733 1762 crepidifolz'um
755 1710 880 1750 Rchb.
896 1710 1078 1748 foliorum
1097 1709 1224 1748 forma
1240 1710 1356 1749 affine
1380 1711 1508 1749 differt
1530 1710 1734 1759 pedicellis
1754 1711 1892 1759 calyce

194 1773 312 1823 triplo
335 1773 593 1821 brevioribus,
619 1772 770 1821 siliquis
803 1770 1032 1820 gracillimis
1058 1782 1081 1807 a
1106 1770 1225 1808 dorso
1252 1771 1501 1819 compressis.

253 1913 309 1955 E.
339 1911 687 1967 asperulum
716 1909 868 1966 (Boiss.
902 1915 942 1951 et
968 1909 1112 1952 Heldr.
1145 1909 1293 1965 Diagn.
1327 1909 1417 1953 Ser.
1449 1910 1502 1963 ΙΙ,
1532 1909 1600 1962 Vl,
1629 1923 1670 1966 p.
1704 1908 1777 1965 11)
1821 1923 1890 1951 ca-

196 1984 391 2024 nescens,
429 1969 623 2012 caulibus
662 1967 984 2022 ramosissimis,
1022 1967 1133 2010 foliis
1173 1974 1349 2024 anguste
1376 1967 1796 2012 lineari-lanceolatis
1823 1981 1891 2010 re-

196 2036 309 2072 mote
337 2028 606 2072 denticulatis
634 2028 722 2070 fere
750 2027 950 2069 omnibus
980 2026 1255 2080 radicalibus,
1283 2026 1463 2070 floribus
1490 2026 1668 2070 minutis
1685 2025 1893 2083 pedicello

197 2090 384 2154 calycem
428 2086 613 2144 aequanti
656 2086 853 2139 suffultis,
900 2085 1064 2143 siliquis
1099 2086 1416 2143 erecto-patulis
1443 2086 1556 2143 pube
1584 2086 1745 2128 stellata
1772 2099 1892 2142 aspe-

198 2148 303 2190 rul1s
320 2147 470 2189 obtuse
492 2144 740 2201 tetragonis,
772 2146 879 2203 stylo
908 2144 1024 2187 tenui
1053 2143 1218 2201 siliquae
1246 2144 1352 2188 latit.
1384 2143 1668 2200 sublongiori,
1698 2143 1892 2200 stigmate

197 2206 432 2249 incrassato
461 2204 604 2247 bilobo
631 2205 700 2260 Q).

256 2277 360 2314 Hab.
390 2276 427 2312 in
453 2275 538 2324 ipso
573 2286 676 2322 pago
706 2273 909 2323 Carpenisi
934 2273 1098 2312 Graeciae
1133 2274 1259 2312 occid.
1296 2273 1336 2310 in
1368 2272 1584 2322 Eurytania
1616 2271 1819 2323 (Samarit.
1855 2275 1896 2309 et

199 2329 390 2386 Guicci).

259 2401 421 2449 Species
447 2412 493 2438 ex
518 2400 669 2437 duobus
694 2399 973 2448 speciminibus
997 2399 1089 2437 mihi
1113 2402 1263 2438 tantum
1294 2402 1411 2452 nota.;
1438 2400 1580 2438 collum
1604 2398 1782 2437 surculos
1809 2400 1894 2435 ste-

201 2461 294 2499 riles
314 2461 456 2498 breves
481 2460 560 2497 edit
584 2459 673 2496 inde
698 2459 854 2496 duratio
889 2458 1108 2507 subdubia,
1134 2462 1263 2497 tamen
1288 2464 1451 2507 propter
1474 2459 1648 2497 habitum
1673 2461 1711 2496 et
1735 2457 1893 2495 charac-

201 2525 305 2559 teres
332 2532 351 2557 e
377 2531 497 2568 grege
520 2519 564 2556 E.
589 2519 828 2557 canescentia
855 2518 1011 2556 omnino
1039 2530 1125 2556 esse
1149 2519 1317 2556 videtur.
1344 2519 1482 2557 Flores
1508 2519 1563 2556 eis
1588 2519 1634 2557 E.
1657 2517 1895 2556 canescentia

202 2581 318 2628 paulo
344 2580 528 2627 minores,
556 2579 750 2626 glandulae
774 2579 942 2626 placent.
968 2578 1162 2627 bipartitae
1184 2578 1285 2616 lobis
1311 2579 1477 2626 conicis‚
1501 2578 1653 2627 siliquae
1686 2574 1773 2631 1¹s2
1809 2578 1894 2625 pol-

203 2640 343 2677 licares
381 2639 465 2677 basi
506 2638 587 2675 fere
623 2639 762 2676 lineam
790 2638 905 2675 diam.
943 2639 1031 2675 latae
1057 2638 1106 2675 ab
1135 2638 1189 2675 eis
1214 2638 1432 2686 specierum
1457 2637 1629 2676 affinium
1650 2637 1804 2686 angulis
1827 2636 1894 2674 ob-

204 2699 301 2737 tusis
325 2702 363 2735 et
387 2698 564 2736 faciebus
590 2697 776 2735 convexis
803 2697 1009 2735 distinctae.

264 2837 320 2881 E.
348 2847 738 2880 verrucosum
766 2834 916 2890 (Boiss.
950 2841 991 2877 et
1016 2832 1137 2876 Gaill.
1169 2833 1316 2889 Diagn.
1349 2832 1438 2876 Ser.
1472 2833 1524 2885 ll,
1552 2832 1621 2886 Vl,
1651 2846 1692 2889 p.
1725 2831 1798 2888 102)
1834 2831 1893 2874 vi-

208 2908 323 2947 rens,
366 2893 483 2936 caule
512 2894 620 2936 clato
649 2892 1022 2949 ungulato-striato
1050 2891 1200 2934 folioso
1228 2905 1412 2949 superne
1441 2904 1627 2942 ramoso,
1672 2890 1784 2933 filii«,
1816 2890 1892 2933 ob-
