2021 3235
917 143 999 188 799

116 236 232 279 caule
259 234 400 285 tereti,
429 234 537 277 foliis
565 234 865 278 subsessilibus
893 235 1332 292 pellucido-punctalis
1360 239 1701 297 ovato-oblongis
1729 242 1800 285 ob-

117 293 218 337 tusis
251 291 398 335 subtus
425 292 603 348 glaucis,
634 293 767 336 axillis
795 293 1090 349 ramuligeris,
1121 295 1254 352 cymis
1292 297 1531 352 paniculam
1575 308 1797 352 angustam

113 366 222 409 saepe
249 353 486 408 elongatam
515 351 797 394 formantibus
815 387 824 404 ‚
854 353 1008 409 calycis
1036 353 1171 409 glabri
1200 355 1357 397 corolla
1385 356 1592 413 subtriplo
1632 359 1797 402 brevio-

112 410 358 512 rgsllkacipiis
380 410 888 511 5lzluggfolato-linearibus
930 410 1115 454 breviter
1155 413 1695 467 glanduloso-denticulatis
1732 426 1792 467 26.

149 483 246 512 ct.
293 483 347 524 ig.
410 482 414 488 ¹
502 503 508 510 .

170 540 267 578 Hab.
291 540 329 576 in
354 538 546 576 umbrosis
569 539 724 576 Tauriae
758 545 796 577 et
830 540 993 578 Caucasi
1018 540 1123 591 (ΜΒ.
1160 541 1347 589 Ο.Α.Μ.),
1375 541 1507 581 Guriae
1540 552 1577 583 et
1601 547 1795 585 Armeniae

110 598 282 637 Rossicae
306 593 497 653 (Szowl).

167 663 241 703 Ar.
275 663 436 714 Geogr.
471 665 631 712 Europa
656 665 740 702 bor.
770 669 806 702 et
832 666 968 711 media,
998 665 1154 705 Sibiria.

166 821 230 863 H.
259 818 717 875 hyssopifolium
739 818 849 874 (Vill.
882 818 1047 876 Dauph.
1080 819 1153 873 ΙΙΙ,
1184 834 1223 877 p.
1247 819 1347 874 505,
1372 822 1454 865 lab.
1477 822 1551 880 44)
1580 825 1794 880 glabrum,

112 878 301 921 caulibus
328 877 448 921 elatis
475 876 666 919 elevatim
696 876 935 928 bilineatis,
966 878 1075 920 foliis
1103 879 1320 922 sessilibus
1348 881 1635 926 subcoriaccis
1662 886 1797 941 pellu—

113 935 438 994 cido-punctatis
455 935 891 991 oblongo-linearibus
919 937 980 978 vel
1008 936 1240 980 linearibus
1267 938 1430 982 obtusis
1459 942 1650 996 margine
1678 957 1797 987 revo-

111 995 206 1038 lutis
242 996 505 1038 ramulorum
543 993 781 1036 axillarium
818 1002 995 1051 anguste
1033 995 1292 1049 linearibus,
1331 998 1463 1055 cymis
1499 996 1797 1056 pedunculatis

110 1053 348 1110 paniculam
377 1053 615 1108 elongatam
643 1059 864 1108 angustam
893 1053 1193 1108 formantibus,
1223 1055 1406 1100 bracteis
1434 1057 1669 1103 linearibus
1694 1061 1798 1103 inte-

110 1112 213 1168 gris,
242 1111 395 1169 calycis
421 1112 532 1154 ultra
560 1111 748 1153 medium
777 1110 918 1167 partiti
947 1112 1109 1155 laciniis
1143 1115 1484 1171 ovato—oblongis
1512 1119 1797 1172 eglandulosis

111 1172 172 1214 vel
189 1169 722 1227 glanduloso-marginatis‚
753 1170 881 1212 ovarii
911 1171 1059 1214 loculis
1086 1170 1216 1215 30-40
1241 1174 1436 1227 ovulatis,
1466 1178 1636 1232 capsula
1655 1179 1796 1223 calvce

110 1228 208 1272 3-4
235 1230 302 1286 plo
330 1228 522 1284 longiore
549 1228 891 1285 ovato-oblonga
919 1230 1041 1285 longe
1069 1231 1310 1274 acuminata
1354 1240 1414 1281 36.
1461 1233 1629 1290 Species
1657 1228 1796 1293 quoad

110 1287 263 1345 calycis
297 1287 536 1343 glandulaS,
581 1285 672 1342 ejus
700 1300 795 1329 cum
824 1287 973 1343 petalis
999 1289 1319 1346 proportionem
1348 1298 1387 1333 et
1414 1292 1593 1335 formam
1621 1295 1797 1339 lacinia-

110 1360 202 1389 rum
229 1345 465 1399 variabilis,
495 1345 642 1391 formae
671 1354 895 1402 sequentes
922 1346 1233 1397 distinguendae
1255 1356 1367 1392 sunt.

166 1435 208 1458 α.
238 1413 440 1470 Lydium.
487 1412 644 1455 Pallide
669 1412 836 1467 virens,
875 1415 1015 1457 caules
1043 1415 1138 1459 elati
1166 1416 1381 1459 interdum
1409 1420 1592 1472 ramosi,
1632 1422 1795 1466 steriles

109 1472 196 1516 laxe
224 1471 378 1524 foliosi,
409 1471 505 1514 folia
532 1478 735 1527 angusta,
767 1472 974 1528 paniculae
1003 1474 1109 1517 rami
1137 1473 1208 1517 5-7
1238 1475 1356 1529 flori,
1385 1479 1522 1532 petala
1549 1480 1690 1525 calvce
1717 1481 1796 1524 3-4

110 1531 175 1587 plo
209 1530 417 1588 longiora,
462 1529 612 1586 calycis
642 1529 803 1572 taeiniae
831 1531 1025 1587 oblongae
1052 1533 1115 1575 vel
1145 1535 1386 1577 lanceolata}
1414 1530 1688 1581 acutiusculae
1716 1554 1795 1583 sae-

108 1589 201 1646 pius
237 1588 544 1645 glanduliferae.
591 1588 646 1630 H.
677 1588 862 1644 Lydium
891 1590 1021 1633 Boiss.
1054 1591 1200 1648 Diagn.
1232 1591 1322 1635 Ser.
1356 1594 1387 1646 Ι,
1419 1594 1451 1645 Ι,
1482 1608 1522 1651 p.
1553 1595 1623 1638 57.
1654 1624 1710 1627 —
1736 1599 1790 1641 H.

109 1647 352 1691 Sebasceum
379 1646 510 1690 Boiss.
542 1646 692 1702 Diagn.
723 1646 812 1690 Ser.
844 1647 898 1700 ΙΙ,
929 1649 961 1702 l,
991 1663 1031 1706 p.
1063 1649 1145 1692 107
1173 1651 1328 1705 (forma
1355 1652 1552 1708 panicula
1579 1655 1793 1713 depaupe-

110 1720 138 1749 Γ,
161 1707 233 1763 ia).

164 1777 263 1815 Hab.
288 1777 326 1814 in
353 1776 542 1814 montanis
568 1775 741 1814 dumosis
780 1777 917 1825 siccis,
944 1783 1095 1817 montes
1128 1779 1322 1830 Smyrnae,
1349 1781 1512 1819 Tmolus
1551 1787 1588 1821 et
1626 1784 1795 1823 Cadmus

109 1835 233 1874 Oariae
255 1832 413 1887 (Boissl
443 1835 526 1872 Bal.
553 1846 635 1872 exs.
658 1833 711 1874 91
732 1830 793 1887 Ι),
829 1836 952 1885 Lycia
973 1838 1023 1875 ad
1047 1839 1199 1877 Elmalu
1232 1840 1456 1891 (Bourg!)‚
1485 1854 1595 1880 mons
1623 1844 1795 1892 Alidagh

107 1895 368 1944 Cappadociae
393 1894 493 1944 (Bal.
520 1906 608 1932 exa.
641 1892 806 1946 9571),
840 1897 976 1935 Cilicia
1010 1898 1060 1935 ad
1094 1897 1222 1936 Gulek
1256 1897 1413 1950 (Ball),
1438 1900 1553 1949 Syria
1579 1903 1617 1939 in
1642 1903 1794 1942 Amano

107 1953 253 2005 (Kyt),
279 1954 432 1992 Libano
458 1954 508 1992 ad
542 1953 653 1991 Eden
679 1954 830 2004 (Boissl
867 1950 962 2007 Bll)
998 1960 1035 1994 et
1066 1957 1293 1996 Antilibano
1319 1959 1368 1996 ad
1407 1960 1615 2009 Rascheya
1641 1959 1793 2015 (Kyl),

106 2014 288 2052 Armenia
311 2014 478 2051 Rossica
504 2009 635 2066 (Szow
651 2007 660 2050 l
678 2014 706 2063 ).
737 2014 794 2052 Fl.
821 2018 968 2053 aestate.
1680 2034 1685 2039 ·

162 2081 385 2132 Specimina
417 2081 609 2120 macriora
634 2081 749 2131 hujus
773 2082 905 2120 formae
938 2095 1078 2121 nexum
1112 2096 1198 2123 cum
1235 2086 1282 2124 H.
1320 2086 1569 2137 hyssopisotio
1609 2089 1793 2137 Europeo

105 2141 294 2189 praebent.

161 2206 206 2259 β.
236 2205 493 2261 elonyatum.
515 2202 630 2246 Folia
657 2212 838 2261 angusta
856 2212 896 2248 et
913 2205 1020 2248 rami
1038 2206 1201 2249 steriles
1229 2209 1318 2251 laxe
1337 2209 1475 2253 foliosi
1494 2211 1790 2266 praecedentis,

106 2263 176 2305 scd
195 2264 336 2306 caules
354 2275 522 2318 semper
540 2262 765 2318 simplices,
797 2263 993 2320 panicula
1017 2265 1238 2320 angustior
1255 2274 1295 2309 et
1312 2269 1453 2324 sepala
1470 2270 1795 2326 ovato-oblonga

104 2321 165 2363 vel
192 2328 312 2364 ovata
338 2320 504 2373 obtusa,
524 2319 566 2362 in
596 2321 744 2363 eodem
764 2322 995 2378 specimine
1022 2336 1132 2378 saepe
1159 2325 1409 2377 glandulosa
1437 2334 1476 2369 et.
1499 2329 1786 2381 eglandulosa.

103 2378 158 2421 H.
189 2380 431 2436 elongsatum
459 2378 610 2421 Ledeb.
645 2379 702 2421 Fl.
733 2380 813 2423 Alt.
847 2380 920 2431 ΙΙΙ,
951 2394 991 2436 p.
1023 2379 1122 2423 367.
1160 2383 1212 2425 lc.
1246 2383 1304 2425 Fl.
1337 2384 1456 2428 Ross.
1487 2381 1573 2428 tab.
1603 2386 1703 2429 486.
1735 2412 1792 2419 -

105 2436 238 2480 Rchb.
268 2439 324 2495 pl.
355 2436 455 2480 Crit.
485 2436 557 2493 fig.
588 2435 690 2480 445.
1474 2475 1480 2479 .

164 2509 263 2547 Hab.
291 2509 327 2547 in
351 2509 544 2547 Anatoliae
570 2513 699 2547 monte
724 2510 944 2558 Elmadagh
967 2521 1089 2558 prope
1114 2511 1275 2559 Angora
1299 2518 1337 2552 et
1361 2526 1483 2562 prope
1508 2515 1639 2553 Tokat
1666 2511 1790 2571 (Wie-

105 2565 238 2620 dcml),
267 2567 453 2606 Armenia
477 2562 643 2606 Rossica
666 2569 716 2605 ad
740 2568 1068 2607 Nackitschewan
1094 2569 1246 2619 (Szowl
1266 2566 1302 2626 ),
1334 2573 1462 2611 Iberia
1485 2571 1629 2627 (Msst),
1656 2575 1793 2614 Persia.

103 2627 184 2665 bor.
211 2627 249 2664 in
272 2636 373 2676 prov
406 2627 652 2676 Aderbidjan
686 2625 832 2679 (Auch.
867 2640 945 2666 exs.
971 2625 1089 2668 4295
1106 2623 1139 2683 l)
1174 2634 1210 2668 et
1232 2631 1279 2668 ad
1305 2632 1459 2670 radices
1483 2635 1625 2671 montis
1650 2634 1789 2672 Dema-

103 2686 204 2723 vend
230 2686 314 2736 (Ky
338 2697 418 2723 exs.
445 2684 526 2726 551
547 2680 556 2723 l
584 2687 655 2724 sub
678 2687 726 2724 H.
751 2688 944 2736 repenti).

160 2767 201 2805 y.
234 2747 484 2803 latifolium.
521 2747 642 2790 Rami
669 2749 832 2792 steriles
860 2750 949 2791 laxe
977 2748 1133 2802 foliosi,
1153 2749 1350 2806 panicula
1377 2759 1555 2807 angusta
1583 2761 1623 2796 et
1648 2756 1789 2811 sepala

105 2806 346 2849 abbreviata
373 2805 523 2848 obtusa
549 2806 696 2849 formae
724 2807 1001 2863 praecedentis
1029 2807 1102 2850 sed
1129 2807 1227 2850 folia
1253 2808 1419 2851 caulina
1447 2809 1517 2853 2-:3
1545 2811 1676 2854 lineas
1708 2814 1788 2856 lata

105 2863 295 2920 margine
323 2863 385 2905 vix
415 2864 618 2907 revoluta.
650 2865 792 2908 Petala
819 2866 958 2922 calyce
984 2863 1074 2907 4-5
1102 2866 1169 2921 plo
1195 2866 1403 2921 longiora.
1443 2868 1497 2910 H.
1535 2869 1787 2926 Tymphres-

107 2927 217 2964 teum
245 2921 375 2964 Boiss.
408 2921 450 2964 in
479 2921 589 2964 Huet
614 2929 655 2965 et
683 2923 742 2979 Ky
769 2936 854 2965 exs.
886 2936 971 2965 non
998 2922 1146 2978 Diagn.
