2021 3235
1049 96 1135 141 456

304 191 444 229 Facies
471 191 727 239 speciminum
750 191 941 228 minorum
971 190 1008 229 V.
1034 191 1237 240 arenariae,
1264 191 1475 240 pedunculi
1500 193 1711 241 pollicares
1743 194 1837 233 folia
1871 208 1932 235 su-

244 254 442 298 perantes,
468 250 585 287 flores
611 250 688 287 illis
717 251 753 289 V.
780 250 966 297 palustris
992 249 1072 288 fere
1092 251 1274 299 minores,
1301 251 1432 289 calcar
1454 251 1493 289 in
1516 252 1701 302 descript.
1728 254 1848 293 citata
1864 267 1934 304 per

246 321 414 347 errorem
449 310 674 348 uncinatum
711 310 868 348 dictum.
906 309 1044 347 Affinis
1080 310 1337 359 praecedenti,
1363 322 1412 347 an
1437 310 1523 359 ejus
1547 311 1719 350 varietas
1733 313 1766 356 ἱ),
1804 314 1934 353 differt

243 372 371 406 tamen
397 369 612 407 caudiculis
652 369 895 407 brevissimis
927 369 1093 415 crassis,
1119 368 1226 407 foliis
1251 369 1333 407 fere
1367 369 1607 409 radicalibus
1640 367 1709 410 vix
1748 373 1931 424 cordatis,

243 428 462 466 stolonibus
487 429 616 476 nullis,
643 429 825 477 stigmate
842 430 907 466 vix
930 428 1127 466 uncinato.

300 549 361 592 V.
396 549 778 593 Griffithiana
819 549 969 604 <Boiss.
1010 548 1158 605 Diagn.
1199 547 1290 592 Ser.
1324 549 1357 601 l,
1386 549 1420 604 Ι,
1448 565 1491 607 p.
1522 550 1597 609 54)
1641 553 1934 598 exstolonosa‘?

242 607 407 662 glauca,
436 607 545 650 foliis
573 606 787 663 papillosis
814 607 1267 651 ovato-reniformibus
1294 608 1507 665 profunde
1535 610 1721 654 cordatis
1748 613 1931 656 crenatis

241 665 512 717 acuminatis,
541 665 706 722 stipulis
733 666 979 709 lanceolatis
1007 666 1131 721 longe
1158 666 1403 720 fimbriatis,
1439 667 1619 711 floribus
1645 669 1829 726 pallidis,
1865 685 1930 714 se-

240 723 345 780 palis
372 723 567 780 oblongis
594 724 895 767 obtusiusculis
922 724 1155 781 papillosis,
1194 725 1357 768 calcare
1392 732 1508 770 recto
1542 727 1693 784 sepalis
1719 729 1928 786 longiore,

241 782 435 838 stigmate
462 783 648 825 breviter
675 783 874 826 uncinato
926 791 986 832 26.

298 853 399 892 Hab.
426 853 463 890 in
489 852 700 901 Affghania
723 853 828 891 circa
847 852 1019 890 Puschut
1044 850 1219 902 <Griff!).

300 921 461 970 Species
488 933 534 959 ex
559 921 772 970 specimine
797 921 1035 969 incompleto
1065 920 1264 969 descripta
1299 926 1337 959 et
1368 922 1531 960 ulterius
1557 922 1810 973 inquirenda,
1837 925 1933 964 folia

240 982 359 1029 longe
384 981 574 1029 petiolata
597 981 668 1018 sub
693 980 845 1018 anthesi
872 981 1089 1028 pollicaria‚
1108 981 1271 1028 abrupte
1291 982 1526 1031 acuminata,
1551 983 1668 1022 flores
1691 983 1768 1021 illis
1793 984 1829 1024 V.
1846 986 1930 1024 odo-

239 1044 333 1079 rata:
356 1041 473 1088 paulo
502 1040 685 1089 minores,
713 1040 980 1078 indumentum
1004 1040 1121 1078 totius
1140 1039 1283 1088 plantae
1304 1041 1513 1089 papillare.

731 1184 762 1235 -ί-
794 1184 820 1233 †
854 1185 991 1224 Petala
1013 1181 1245 1224 intermedia
1267 1186 1445 1225 barbata.

903 1320 944 1347 a.
983 1309 1271 1347 Exstolonosae.

297 1431 357 1473 V.
376 1430 538 1474 hirta
566 1431 629 1485 (L.
653 1430 721 1487 Sp.
754 1430 886 1487 1324)
917 1431 1057 1474 radice
1085 1445 1170 1474 non
1199 1431 1439 1484 articulata,
1469 1432 1579 1475 foliis
1608 1433 1742 1476 oratis
1770 1434 1833 1475 vel
1860 1434 1933 1476 ob-

242 1488 527 1541 longo-ovatis
553 1489 730 1532 hirsutis
758 1490 966 1546 profunde
1003 1490 1214 1543 cordatis,
1252 1490 1419 1547 petiolis
1458 1491 1576 1547 apice
1612 1505 1697 1534 non
1733 1491 1931 1547 dilatatis,

241 1547 405 1603 stipulis
432 1547 564 1590 ovatis
591 1549 652 1590 vel
682 1549 927 1592 lanceolatis
954 1548 1220 1605 fimbriisque
1249 1549 1443 1605 margine
1467 1550 1626 1605 glabris
1644 1550 1758 1593 hisce
1777 1550 1935 1594 diame-

241 1613 306 1648 tro
325 1612 565 1649 transverso
583 1606 748 1663 stipulae
768 1607 1054 1662 brevioribus,
1073 1608 1252 1650 floribus
1271 1607 1469 1651 violaceis
1487 1608 1678 1652 inodoris
1706 1617 1742 1658 26
1759 1643 1766 1651 .
1797 1609 1932 1652 Rchb.

242 1665 268 1707 f.
300 1663 431 1708 4493.

298 1735 400 1773 Hab.
426 1735 464 1772 in
489 1735 606 1773 siccis
629 1735 770 1772 montis
795 1734 922 1773 Athos
947 1732 1014 1789 (ex
1040 1735 1196 1787 Sibth.),
1231 1737 1371 1775 montis
1397 1735 1520 1774 Haemi
1544 1736 1725 1775 Thraciae
1750 1737 1869 1786 (Friv.
1889 1750 1937 1776 ex

241 1792 428 1844 Griseb.),
449 1794 642 1832 Anatoliae
665 1795 713 1832 ad
738 1793 945 1832 Mersiwan
973 1793 1103 1846 (Wied
1119 1796 1159 1845 ἔ),
1185 1796 1380 1834 Armeniae
1406 1796 1586 1835 Turcicae
1610 1791 1783 1845 (Oalv!)‚
1812 1797 1934 1836 Geor-

240 1854 314 1902 giae
337 1852 560 1892 Caucasicae
583 1858 621 1891 et
644 1853 810 1893 Caucasi
831 1851 930 1907 (ΜΒ.
953 1848 1119 1893 Hohen!
1149 1857 1220 1894 sub
1249 1856 1289 1895 V.
1321 1855 1558 1906 cvmpestri).

298 1920 371 1962 Ar,
404 1926 562 1972 Geogr.
596 1923 768 1972 Europa,
795 1922 951 1961 Sibiria.

297 2080 358 2122 V.
394 2081 754 2135 campestris
794 2080 897 2136 (ΜΒ.
930 2082 962 2134 Ι,
992 2096 1033 2139 p.
1065 2081 1166 2126 0274.
1198 2082 1251 2137 Il,
1280 2097 1320 2140 p.
1352 2082 1456 2140 162)
1492 2083 1633 2127 radice
1660 2097 1746 2127 non
1773 2084 1931 2128 articu-

240 2139 338 2191 lata,
382 2137 493 2180 soliis
521 2139 776 2181 tomentellis
803 2139 1001 2196 oblongis
1028 2141 1313 2196 subcordatis,
1358 2142 1526 2199 petiolis
1567 2142 1686 2200 apice
1727 2142 1927 2197 dilatatis,

239 2196 406 2253 stipulis
433 2197 678 2240 lanceolatis
705 2198 959 2241 acuminatis
988 2199 1255 2257 fimbriisque
1283 2200 1475 2257 margine
1509 2200 1669 2257 glabris
1696 2201 1811 2245 hisce
1837 2202 1929 2246 dia-

239 2262 375 2297 metro
402 2262 644 2298 transverso
673 2256 837 2313 stipulae
865 2256 1151 2312 brevioribus,
1189 2258 1367 2303 floribus
1403 2259 1592 2304 odoratis
1626 2260 1822 2304 violaceis
1866 2269 1923 2311 26.

248 2314 293 2356 V.
314 2314 515 2371 ambiqmt
544 2315 611 2357 W.
646 2315 691 2356 K.
725 2329 809 2358 non
838 2315 1011 2360 differre
1038 2317 1218 2360 videtur.

296 2384 397 2422 Hab.
424 2383 461 2420 in
486 2385 609 2431 pratis
640 2385 755 2423 siccis
778 2385 935 2424 Tauriae
960 2385 1062 2436 (ΜΒ.
1088 2387 1227 2438 SteV.)‚
1264 2387 1457 2425 Armeniae
1481 2388 1532 2426 ad
1555 2388 1719 2426 Tortum
1749 2388 1869 2440 (Huet
1885 2388 1925 2442 !).

298 2444 332 2480 A
356 2444 402 2481 cl.
422 2443 631 2481 Marschall
656 2449 694 2481 et
718 2444 861 2482 Steven
888 2457 960 2493 pro
986 2447 1089 2485 bona
1111 2447 1256 2495 specie,
1285 2459 1308 2484 a
1328 2448 1459 2485 multis
1484 2452 1614 2486 autem
1642 2460 1711 2496 pro
1739 2449 1926 2489 varietate

236 2502 491 2550 praecedentis
529 2502 675 2541 habita.
717 2504 856 2541 Vivam
886 2516 960 2542 non
1000 2507 1227 2557 observavi3
1255 2509 1355 2544 notae
1381 2507 1660 2545 differentiales
1697 2512 1784 2546 sunt
1808 2510 1926 2548 indu-

235 2565 402 2600 mentum
428 2566 465 2600 et
490 2562 583 2600 folia
610 2563 671 2600 vix
699 2563 860 2602 cordata
882 2564 920 2601 in
943 2566 1131 2613 petiolum
1158 2566 1418 2604 decurrentia.

293 2619 368 2659 Ar.
404 2626 564 2671 Geogr.
600 2623 760 2672 Europa
785 2624 926 2663 media.

291 2761 352 2802 V.
370 2761 628 2805 Armena
658 2760 808 2816 (Boiss.
838 2769 878 2804 et
907 2762 1014 2804 lluet
1042 2762 1190 2818 Diagn.
1223 2763 1312 2807 Ser.
1348 2764 1400 2817 ll,
1430 2764 1477 2817 V,
1507 2780 1549 2822 p.
1571 2764 1646 2823 48)
1677 2766 1818 2810 radice
1836 2782 1921 2811 non

233 2818 471 2871 articulata,
510 2819 618 2862 foliis
655 2819 786 2862 ovatis
824 2820 916 2863 sinu
952 2822 1164 2878 profundo
1198 2822 1382 2865 cordatis
1410 2824 1592 2867 crenatis
1620 2825 1805 2868 breviter
1832 2826 1920 2868 hir-

234 2876 300 2930 tis,
330 2876 496 2933 petiolis
525 2886 758 2921 retrorsum
787 2879 956 2922 hir-tulis
984 2880 1102 2936 apice
1130 2894 1214 2924 non
1242 2881 1443 2936 dilatatis,
1479 2882 1644 2940 stipulis
1676 2885 1921 2930 lanceolatis
