2021 3235
855 138 932 181 621

59 230 165 274 foliis
201 229 357 272 strictis
394 230 540 285 rigidis
577 230 762 273 tenuiter
789 230 995 273 subulatis
1023 231 1390 287 subpungemibus
1424 236 1565 290 patule
1593 236 1742 278 cilialis

58 289 311 333 radicalibus
337 289 564 344 congestis,
593 290 733 345 calyce
760 289 1010 343 glanduloso
1040 290 1420 334 fulmo-reticulato
1458 293 1580 349 longo
1616 295 1745 337 obco-

58 346 402 404 nico-cylindrico
435 348 531 389 dein
560 348 717 390 clavato
745 347 942 390 dentibus
970 348 1163 404 oblongis
1190 349 1370 402 obtusis,
1400 351 1555 393 laminii
1584 354 1632 394 ad
1665 368 1748 395 nic-

56 407 171 451 dium
205 405 247 447 in
275 405 448 448 lacinias
475 406 898 458 obovato-oblongas
936 406 1090 460 bifida,
1129 421 1298 451 coronae
1336 408 1500 452 laciniis
1536 410 1745 463 choralis,

58 465 225 522 capsula
252 464 433 520 oblonga
462 466 728 521 carpophoro
757 465 1031 520 sublongiore
1068 473 1128 514 26.

114 536 213 572 Hab.
237 534 276 570 in
299 536 458 582 regione
484 535 615 582 alpina
643 535 828 573 montium
853 535 1079 573 Aslandach
1115 542 1152 573 et
1183 536 1515 585 Masmeneudagh
1540 539 1747 586 Cappado-

58 595 124 633 ciae
148 593 268 678 (Balvl
290 588 327 648 ),
371 596 408 632 iu
441 595 598 643 pascuis
633 595 775 632 montis
809 595 1037 643 Berytdagh
1063 595 1259 633 Cataoniae
1297 597 1362 634 alt.
1403 595 1748 638 8000'-9000·

57 653 287 704 (Hanssk.).

114 719 253 758 Caules
279 718 374 759 5-4
396 721 630 769 pollicares,
666 721 759 758 folia
783 718 862 760 5-8
888 721 1009 759 lineas
1034 722 1163 770 longa,
1191 722 1305 770 calyx
1332 719 1415 762 8-9
1442 724 1568 762 lineas
1595 725 1749 774 longus.

57 780 195 818 Differt
219 792 240 817 a
265 779 305 818 S.
327 781 462 818 echino
482 781 585 818 foliis
614 781 856 818 tenuioribus
879 781 1034 825 cuiatis,
1054 782 1187 829 calyce
1206 781 1374 819 florifero
1393 785 1559 821 tenuiori
1579 796 1655 822 non
1675 786 1750 823 cla-

57 843 157 888 vato,
185 840 346 888 capsula
372 841 619 888 carpophoro
644 840 837 889 longiore,
864 844 936 877 etc.

117 1010 168 1053 S.
187 1011 583 1065 tragacantha
611 1009 756 1065 (Fenzl
784 1009 827 1051 in
855 1009 915 1065 ΚΥ
943 1009 999 1065 pl.
1022 1009 1137 1051 Pers.
1161 1016 1293 1052 austr.
1319 1008 1451 1066 1845>
1481 1011 1751 1055 suffruticosa

61 1068 258 1121 dumosa,
289 1068 418 1111 ramis
446 1068 555 1111 foliis
583 1068 724 1111 densis
752 1067 906 1110 strictis
936 1067 1122 1110 horridis
1150 1068 1350 1111 brevibus
1378 1069 1601 1123 unissoris,
1644 1072 1753 1114 soliis

61 1127 485 1170 subulato·-acerosis
522 1141 650 1183 supra
683 1127 819 1183 planis
847 1126 995 1169 subtus
1022 1127 1217 1169 convexis
1246 1134 1480 1170 retrorsum
1512 1129 1751 1185 pubescen-

62 1185 198 1238 tibus,
236 1187 376 1243 calyce
406 1186 585 1243 sparsim
613 1193 653 1228 et
680 1186 864 1228 breviter
891 1186 1395 1242 glanduloso-pubernlo
1432 1188 1752 1231 rubro-vitiato

62 1245 293 1286 clavato...
326 1253 361 1294 5.

119 1315 220 1353 Hab.
246 1315 284 1352 in
315 1316 507 1364 glareosis
542 1323 578 1352 et
610 1315 852 1364 rupestribus
884 1315 983 1363 alpis
1016 1315 1237 1354 Kuhdae'na
1270 1316 1415 1354 Persiae
1450 1317 1632 1356 australis
1668 1319 1751 1370 (Ky

62 1386 149 1413 exs.
173 1369 320 1425 7001).

120 1441 259 1480 Facies
282 1440 618 1480 Acantholimom·s
641 1442 702 1479 vel
730 1441 1019 1490 Tragyaccmthoe¹
1057 1441 1195 1478 dumus
1227 1443 1501 1494 semipedalis,
1534 1446 1628 1483 folia
1651 1446 1751 1494 rigi-

62 1491 222 1538 dis'sima
247 1498 381 1554 1-11]2
406 1502 610 1550 pollicaria
634 1502 718 1539 basi
742 1502 807 1538 vix
833 1502 1030 1538 dimidiam
1056 1501 1195 1538 lineam
1212 1502 1302 1548 lata,
1331 1504 1445 1552 calyx
1464 1505 1573 1553 cujus
1598 1508 1749 1553 partem

61 1560 283 1598 inferiorem
315 1560 379 1611 (in
405 1562 618 1610 specimine
640 1556 854 1614 pessimo),
882 1564 1028 1598 lantum
1051 1561 1129 1598 vidi
1155 1558 1230 1600 8-9
1255 1562 1379 1600 lineas
1404 1563 1543 1611 longus
1583 1577 1670 1602 esse
1694 1566 1754 1602 vi-

63 1620 187 1658 detur.

533 1752 573 1793 b.
608 1755 722 1793 Folia
746 1755 916 1803 oblonga
937 1755 999 1793 vel
1034 1755 1271 1794 lanceolata.

118 1890 167 1934 S.
186 1890 522 1946 Tejedensis
551 1891 702 1947 (Boiss.
723 1891 827 1949 Voy.
850 1892 946 1948 Esp.
969 1891 1022 1944 Il,
1053 1906 1095 1948 p,
1125 1892 1198 1946 94,
1229 1894 1313 1936 tab.
1335 1894 1405 1948 25,
1427 1895 1499 1952 fig.
1523 1896 1585 1953 9.),
1616 1898 1747 1942 dense

57 1949 457 2004 glanduloso-hirta‚
488 1950 718 1993 caudiculis
746 1950 946 1993 tenuibus
972 1952 1196 2007 prostratis
1224 1953 1366 2007 nudis,
1396 1955 1588 1999 caulibus
1618 1957 1748 2001 infra-

61 2008 323 2051 rosularibus
350 2009 548 2051 brevibus
576 2008 734 2052 foliosis
763 2009 881 2066 apice
909 2008 980 2051 ‘1-02
1008 2010 1143 2064 floris,
1173 2011 1282 2054 foliis
1301 2012 1750 2069 oblongo-lanceolatis

60 2066 194 2110 acutis
220 2068 282 2110 vel
309 2067 626 2121 obtusiusculis‚
655 2067 906 2124 pedunculis
933 2068 1148 2122 brevibus,
1178 2071 1315 2127 calyce
1333 2072 1583 2127 glanduloso
1603 2075 1748 2117 viridi-

59 2125 202 2168 vittato
238 2126 362 2182 longe
399 2126 913 2183 cylindrico-subclavato
949 2127 1147 2171 dentibus
1183 2129 1314 2172 ovatis
1356 2130 1545 2186 obtusis,
1589 2133 1746 2177 lamina

60 2187 214 2227 carnea
240 2185 291 2227 ad
318 2184 505 2228 medium
524 2185 566 2227 in
584 2185 756 2228 lacinias
775 2185 978 2241 oblongas
996 2186 1142 2241 bifida,
1171 2201 1340 2230 corona}
1359 2189 1523 2233 laciniis
1555 2191 1751 2248 oblongis

62 2256 172 2308 s3aepe
207 2243 389 2300 obliquis
426 2243 568 2287 bifidis
594 2245 658 2287 vel
692 2243 872 2297 retusis,
918 2246 1089 2301 capsula
1127 2246 1313 2302 oblonga
1349 2249 1617 2306 carpophoro
1653 2251 1751 2295 bre-

61 2314 175 2344 viore
211 2308 268 2350 ΖΔ.

121 2371 221 2409 Hab.
246 2372 284 2409 in
305 2372 497 2420 glareosis
524 2372 694 2420 regionis
717 2372 859 2419 alpinae
879 2372 1021 2411 Libani
1049 2374 1088 2411 in
1120 2377 1248 2412 monte
1274 2374 1443 2415 Makmel
1475 2382 1513 2416 et
1534 2378 1750 2419 Antilibani

63 2429 101 2466 in
124 2431 320 2469 Hermone
344 2429 499 2482 (Boissl
527 2431 593 2480 Ky
621 2444 701 2471 exs.
732 2426 900 2484 208l),
927 2433 965 2469 in
1002 2433 1147 2472 Persiae
1172 2438 1305 2473 monte
1330 2436 1455 2474 Zerde
1481 2433 1628 2492 (Auch.
1669 2453 1750 2478 exs.

62 2486 142 2528 44¹1
166 2487 206 2543 l)
235 2493 272 2528 et
293 2494 423 2528 monte
444 2491 665 2529 Kuhdae‘na
689 2488 773 2546 (ΚΥ
799 2504 879 2530 exs.
906 2489 1048 2546 768!).
1075 2493 1137 2530 Fl.
1170 2498 1251 2531 aest.

123 2557 262 2596 Caules
300 2559 548 2608 bipollicares
584 2571 687 2608 saepe
717 2561 997 2609 ascendentes,
1026 2563 1142 2610 calyx
1170 2563 1410 2611 longitudine
1437 2556 1548 2604 ‘inter
1580 2566 1607 2607 8
1633 2572 1670 2605 et
1697 2567 1745 2607 11

63 2616 184 2654 lineas
210 2619 379 2657 varians.
404 2619 625 2667 Specimina
648 2619 864 2658 Orientalia
885 2621 934 2659 ab
960 2621 1183 2669 Hispanicis
1209 2634 1286 2660 non
1314 2623 1512 2663 differunt.

125 2681 195 2723 Ar.
229 2689 386 2734 Geogr.
420 2685 572 2724 Montes
596 2687 795 2735 Hispaniae
813 2688 996 2726 centralis
1019 2691 1056 2726 et
1078 2689 1276 2727 australis.

90 2910 97 2918 ·
123 2854 173 2898 S.
196 2855 593 2910 palinotricha
621 2857 767 2913 (Fenzl
793 2857 835 2900 in
863 2841 923 2916 ΚΥ
952 2859 1007 2915 pl.
1040 2859 1155 2902 Pers.
1186 2860 1279 2903 bor.
1313 2861 1442 2918 1846)
1469 2864 1566 2920 pilis
1596 2866 1754 2909 brevis-

68 2925 183 2955 sirms
212 2913 495 2968 eglandulosis
522 2915 688 2959 hirtella
714 2915 891 2973 aliisque
919 2917 1184 2973 longioribus
1210 2921 1365 2975 patulis
1393 2921 1610 2977 villosula,
1658 2939 1755 2968 cau-
